2704 4362
470 351 716 403 nnrsronannru
733 352 799 402 Lm.
817 353 852 402 11.
870 355 892 403 1.
1118 356 1174 418 175

226 497 394 572 Divitiaeque
407 496 580 572 peregrinae;
601 497 704 571 quibus
716 496 820 554 oblitus
833 507 911 556 actor

227 577 328 639 Quum
341 575 418 633 stetit
431 575 461 632 in
474 576 573 646 soene,
587 575 731 634 concurrit
744 576 860 634 dextera
870 575 956 634 laevae.
1013 628 1018 638 ,
1115 577 1175 636 205

226 655 306 714 Dixit
320 655 414 712 adhuc
427 654 532 728 aliquid
541 652 623 710 l-N
626 655 645 712 il
659 651 861 715 sane-Quid
875 655 970 730 placet
983 655 1112 730 ergol-

227 734 307 806 Lana
321 733 482 791 Tarentino
495 733 583 790 violas
597 733 706 790 imitata
719 751 838 790 veneno.

266 814 313 870 Ac
326 831 364 869 ne
378 809 449 869 forte
464 822 547 886 putes
561 830 617 882 nte,
631 829 693 885 quae
709 811 801 868 lacere
816 813 875 888 ipse
890 829 1030 884 recusem,

226 892 328 953 Quum
341 888 421 948 recte
435 901 558 947 tractent
572 891 629 961 alii,
644 889 759 946 laudare
775 888 917 964 maligne3

227 969 282 1026 Ille
294 988 344 1044 per
357 980 503 1026 extentum
518 969 616 1026 funem
630 968 700 1025 mihi
713 987 794 1043 posse
812 969 921 1027 videtur
1116 971 1177 1028 21⁰

228 1047 275 1105 lre
285 1051 379 1123 poeta,
394 1066 491 1104 meum
504 1047 552 1121 qui
565 1058 665 1122 pectus
679 1047 800 1104 inaniter
815 1048 902 1123 ungit,

228 1126 333 1197 Irritat,
347 1127 464 1197 mulcet,
479 1126 555 1184 salsis
568 1126 721 1184 terroribus
735 1126 841 1200 implet,

227 1204 266 1264 Ut
279 1224 389 1282 magus,
402 1216 432 1262 et
444 1202 530 1262 modd
543 1224 589 1262 me
601 1203 721 1276 Thebis,
733 1202 819 1262 modo
833 1205 913 1280 ponit
926 1206 1056 1265 Athenis.

266 1284 376 1342 Verium
391 1303 453 1360 age,
467 1295 496 1341 et
510 1285 555 1342 his
568 1284 616 1358 qui
630 1304 661 1340 se
674 1283 773 1341 lectori
787 1285 904 1340 credere
918 1285 1036 1356 malunt,

226 1361 326 1425 Quem
340 1363 504 1439 spectatoris
518 1364 630 1421 fastidia
644 1364 715 1420 serre
729 1363 852 1438 superbi,

226 1443 334 1500 Curam
347 1443 434 1498 redde
449 1443 572 1514 brevem,
587 1443 611 1498 si
626 1461 729 1498 munus
743 1442 876 1517 Apolline
891 1442 1007 1518 dignum

226 1521 280 1578 Vis
294 1521 436 1596 complere
450 1521 538 1592 libris,
549 1533 578 1577 et
592 1522 702 1578 vatibus
716 1521 820 1578 addere
831 1521 936 1591 calcar,
970 1544 974 1554 ·

226 1599 266 1657 Ut
280 1599 373 1656 studio
387 1599 491 1673 majore
505 1610 603 1673 petant
617 1599 759 1656 Helicona
772 1599 918 1656 virentem.

268 1677 361 1734 Multa
373 1677 490 1750 quidem
502 1678 584 1734 nobis
598 1677 718 1733 facimus
732 1677 805 1734 mala
815 1675 890 1751 saepd
905 1681 997 1751 poetae

230 1754 283 1832 (Ut
296 1756 391 1811 vincta
404 1764 517 1828 egomet
531 1755 640 1810 caednm
653 1753 742 1830 mea),
756 1773 842 1828 quum
857 1756 907 1811 tibi
921 1756 1024 1812 librum

229 1833 358 1890 Sollicito
369 1833 479 1903 damus,
494 1831 646 1900 aut,sesso;
668 1851 754 1905 quum
767 1832 895 1888 laedimur
910 1851 999 1889 unum

230 1913 262 1972 Si
276 1911 339 1986 quis
353 1911 509 1967 amicorum
523 1921 565 1966 est
579 1928 665 1966 ausus
679 1908 849 1984 reprendere
863 1909 990 1980 versuin;

227 1991 328 2052 Quum
343 1989 406 2047 loca
418 1988 476 2063 jam
490 1990 607 2046 recitata
621 1989 788 2046 revolvimus
802 1989 964 2057 irrevocati;

226 2069 328 2130 Quum
339 2068 526 2125 lamentamur
540 2057 598 2124 ndn
613 2086 747 2143 apparere
760 2067 871 2126 labores

226 2147 347 2204 Nostros
360 2158 389 2202 et
403 2146 481 2202 tenui
496 2147 619 2203 deducta
632 2149 763 2221 poemata
778 2146 825 2204 filo
833 2167 842 2216 ,¹

225 2226 327 2287 Quum
341 2243 487 2300 speramns
500 2222 536 2282 ed
547 2241 606 2282 rem
622 2235 779 2296 venturam,
794 2236 834 2296 ut,
849 2227 931 2284 simul
947 2238 1029 2300 atque

226 2305 362 2362 Carmina
376 2303 505 2360 rescieris
520 2322 572 2374 nos
583 2303 700 2379 fingere,
715 2305 881 2361 commodus
895 2305 967 2362 ultro

227 2385 375 2454 Arcessas,
391 2393 420 2438 et
430 2401 514 2458 egere
529 2394 616 2453 vetes,
630 2394 658 2438 et
672 2383 795 2439 scribere
810 2399 903 2459 cogas.

228 2463 286 2520 Sed
299 2473 394 2518 tamen
409 2471 452 2517 est
464 2479 557 2536 operae
570 2461 691 2535 pretium
702 2480 874 2536 cognoscere
887 2463 984 2537 qualos

227 2541 361 2598 AEdituos
376 2540 477 2597 babeat
492 2539 556 2596 belli
570 2551 696 2614 spectata
710 2540 842 2614 domique

226 2619 334 2691 Virtus,
349 2619 467 2694 indigno
481 2637 539 2674 non
554 2619 755 2676 committenda
769 2623 869 2694 poitae.

226 2698 330 2755 Gratus
345 2698 510 2755 Alexandro
524 2697 583 2771 regi
599 2695 706 2772 Magno
720 2698 773 2755 fuit
787 2699 832 2755 ille

227 2775 379 2846 Ghoerilus,
394 2776 509 2832 incultis
522 2777 571 2849 qui
585 2775 711 2832 versibus
724 2788 753 2832 et
767 2775 840 2832 meld
856 2778 930 2834 natis

226 2855 350 2912 Rettulit
364 2864 505 2927 acceptos,
519 2853 614 2926 regale
628 2855 780 2924 numisma,
795 2855 946 2928 Philippos.

228 2933 296 3002 Sed,
310 2930 396 2987 veluti
410 2941 530 2987 tractata
544 2941 638 2986 notam
652 2931 800 3004 labemque
815 2933 962 2988 remittunt

227 3011 406 3078 Atramenta,
422 3003 480 3063 ferd
495 3007 645 3080 scriptores
659 3008 784 3064 carmine
797 3010 870 3066 foedo

227 3087 384 3165 Splendida
398 3087 472 3143 facta
485 3085 586 3142 linunt.
628 3085 710 3142 Idem
723 3106 774 3142 rex
787 3087 844 3159 ille,
858 3092 961 3162 poema

225 3169 287 3230 Qui
302 3178 358 3224 tam
373 3164 525 3222 ridiculum
539 3175 596 3220 tam
611 3161 676 3220 care
692 3164 826 3239 prodigus
840 3166 917 3235 emit,

226 3247 329 3305 Edicto
343 3245 432 3302 vetuit
445 3243 556 3318 nequis
570 3263 610 3315 se,
625 3255 725 3318 praeter
740 3243 872 3320 Apellen,

225 3325 369 3401 Pingeret,
384 3334 433 3380 aut
446 3323 519 3379 alius
533 3323 656 3399 Lysippo
669 3323 787 3380 duceret
801 3341 857 3380 rura

227 3403 319 3462 Fortis
333 3402 489 3460 Alexandri
505 3402 611 3459 vultum
626 3403 795 3471 simulantia.
836 3399 926 3463 Quod
941 3403 964 3458 si

226 3481 372 3538 Judicium
386 3481 488 3538 subtile
502 3481 632 3540 videndis
646 3482 753 3550 artibus
768 3482 838 3538 illud

227 3560 276 3616 Ad
286 3559 371 3616 libros
384 3570 413 3616 et
427 3561 463 3616 ad
477 3559 539 3616 haec
550 3559 699 3618 Musarum
713 3562 789 3618 dona
801 3579 926 3630 vocares,

228 3636 358 3695 Boeotdm
369 3637 399 3694 in
413 3657 507 3696 crasso
517 3639 627 3714 jurares
638 3642 704 3696 a'ere
716 3651 822 3696 natum.

228 3718 269 3774 At
279 3713 371 3790 neque
385 3716 557 3776 dedecorant
571 3729 619 3774 tua
633 3717 668 3773 de
683 3736 713 3774 se
724 3717 833 3792 judicia
846 3727 929 3792 atque

228 3795 361 3867 Munera,
375 3812 437 3868 quae
452 3795 540 3852 multi
555 3795 648 3852 dantis
662 3815 729 3854 cum
739 3796 823 3853 laude
837 3797 962 3856 tulerunt

227 3873 334 3934 Dilecti
347 3873 399 3931 tibi
412 3871 549 3949 Virgilius
559 3874 718 3950 Variusque
732 3879 841 3952 poete:
