2756 4366
503 356 534 412 tt.
552 353 698 418 nonrmr
715 353 839 407 ntrcct

455 497 622 560 Refrenare
636 497 793 572 licentiam,

296 575 398 637 clame
411 578 596 654 postgenitis:
616 589 768 654 quatenus,
781 580 839 636 heu
852 580 946 638 nefasl

455 657 598 716 Virtutem
613 658 786 715 incolumem
800 658 922 732 odimus,

298 736 445 799 Sublatam
459 756 494 794 ex
507 737 600 795 oculis
612 737 776 812 querimus,
789 736 886 796 invidi,

454 815 536 878 Quid
550 818 646 874 tristes
658 816 853 891 querimonia,

297 894 330 954 Si
343 914 402 954 non
416 895 554 972 supplicio
567 895 652 971 culpa
665 894 821 954 reciditurl

454 974 536 1036 Quid
548 974 638 1050 leges,
651 973 714 1030 sine
727 974 853 1032 moribus

297 1052 400 1124 Vanae,
414 1053 585 1128 proliciunt?
606 1053 630 1110 si
644 1070 738 1126 neque
752 1053 868 1111 fervidis

454 1129 524 1188 Pars
537 1129 648 1192 inclusa
661 1131 805 1190 caloribus

252 1257 255 1266 Δ
297 1207 414 1282 Mundi,
426 1227 481 1266 nec
495 1209 593 1268 Boreae
603 1210 756 1267 finitimum
769 1207 855 1283 latus,

289 1343 292 1348 Δ
454 1287 627 1362 Durataeque
640 1288 804 1362 solonites,

298 1363 487 1424 Mercatorem
501 1366 640 1441 abiguntl
660 1365 774 1424 horrida
787 1366 885 1424 callidi

455 1442 585 1501 Vincunt
599 1463 711 1520 aequora
725 1446 846 1504 navitael

297 1521 437 1599 Magnum
451 1523 794 1599 paupericsopprobrium
805 1524 888 1601 jubet
906 1548 910 1556 “

452 1600 577 1664 Quidvis
590 1613 619 1660 et
633 1602 727 1680 facere
740 1605 853 1680 etpati,
1005 1610 1010 1618 ’

295 1679 473 1756 virtutisque
486 1681 558 1738 riam
573 1681 704 1738 descrere
719 1683 837 1740 arduael

453 1759 509 1816 vet
523 1779 575 1818 uos
588 1759 620 1816 iu
632 1759 818 1835 Capitolium,

295 1835 367 1900 Qud
380 1838 488 1896 clamor
500 1848 582 1896 tocat
594 1849 623 1896 et
637 1839 719 1896 turba
733 1839 900 1914 faventium,

453 1917 509 1974 Vel
522 1937 576 1974 nos
591 1918 620 1976 in
635 1937 714 1975 mare
726 1921 887 1994 proximum

295 1994 442 2068 Gemmas,
455 2005 484 2053 et
496 1995 616 2072 lapides,
629 2016 729 2054 aurunt
742 2009 772 2056 et
785 1999 899 2072 inutile,

454 2075 565 2131 Summi
579 2077 727 2133 materiam
740 2077 819 2150 mali,

295 2149 454 2224 Mittamus,
468 2152 607 2208 scelerum
621 2156 645 2210 si
660 2155 733 2211 bene
746 2157 874 2230 poenitet.

452 2229 604 2287 Eradenda
618 2233 760 2308 cupidinis

294 2303 376 2367 Praei
390 2317 457 2366 sunt
471 2307 612 2366 elementa
620 2329 628 2380 ;
648 2322 677 2369 ct
691 2323 797 2370 tenere
809 2313 898 2372 nimis

452 2385 567 2445 Mentes
580 2391 770 2466 asperioribus

293 2463 463 2524 Formandae
477 2467 586 2524 studiis.
620 2467 723 2528 Nescit
735 2491 811 2547 equo
823 2473 904 2531 rudis

451 2545 570 2604 Haerere
583 2547 728 2624 ingenuus
738 2569 820 2626 puer,
898 2573 900 2578 ·

281 2623 457 2702 <tenuique
469 2626 567 2698 timet,
587 2627 688 2685 ludere
700 2629 819 2702 doctior,

452 2707 510 2765 Seu
522 2707 628 2766 Graeco
636 2707 738 2784 jubeas
751 2709 861 2782 trocho,

294 2785 352 2844 Seu
367 2785 449 2843 malis
463 2787 548 2845 vetiti
563 2786 674 2864 legibus
688 2787 768 2844 eled:

449 2863 550 2927 Quum
563 2868 676 2944 perjura
689 2867 776 2943 patris
789 2865 862 2925 fides

292 2943 460 3002 Consortem
475 2945 585 3001 socium
598 2946 676 3004 sallat
689 2958 718 3004 et
731 2947 882 3023 hospitem,

451 3022 630 3099 Indignoque
643 3027 797 3100 pecuniam

294 3099 409 3159 Heredi
422 3114 560 3178 properet.
596 3105 712 3162 Scilicet
725 3104 861 3180 improbe

449 3181 592 3240 Crescunt
606 3183 727 3241 divitie:
748 3194 845 3242 tamen

291 3256 388 3317 Curtae
402 3261 501 3318 nescio
512 3262 580 3337 quid
594 3281 705 3338 semper
719 3263 799 3321 abest
811 3263 862 3322 rei.

522 3447 811 3474 ...ff-...m-

575 3573 660 3633 ODE
680 3575 766 3634 XIX.

564 3713 606 3752 ,tn
620 3713 772 3754 BAGGHUM.

447 3807 519 3872 Qut
533 3829 589 3883 me,
604 3812 730 3885 Bacche,
742 3811 817 3888 rapis
831 3809 873 3871 tui

290 3881 431 3944 Plenuml
450 3887 527 3949 Quae
540 3905 667 3963 nemora,
681 3908 750 3966 quus
764 3911 832 3969 agor
846 3892 876 3950 in
890 3911 1002 3970 specui,
