2706 4362
542 377 682 430 EPODON
700 379 812 432 LIBER.

341 525 424 589 Quid
438 524 539 584 attinet
551 535 593 583 tot
605 545 655 584 ora
668 526 783 583 navium
796 525 876 601 gravi
938 515 941 530 ’

500 604 636 662 Rostrata
649 605 717 663 duci
726 606 856 682 ¹pondere

342 682 451 744 Contra
463 684 588 742 latrones
601 696 685 760 atque
699 685 828 742 servilem
844 701 970 756 manum,

500 763 577 837 Hoc,
591 764 646 821 hoc
659 763 773 844 tribuno
786 763 929 821 militurn?

611 1073 700 1135 Onu
715 1077 752 1134 V.
799 1165 802 1169 ι

374 1245 378 1254 ,
483 1215 517 1254 ΙΝ
531 1213 683 1252 CANIDIAM
696 1213 880 1254 vnunrluAM.
941 1264 944 1269 Ι

343 1321 361 1348 “
371 1318 430 1390 Ar,
443 1333 462 1374 o
475 1313 593 1372 deorum
607 1314 744 1389 quidquid
759 1314 789 1371 in
803 1283 876 1372 coelo
889 1313 963 1390 regit

500 1394 608 1451 Terras
621 1406 650 1450 et
664 1395 822 1451 humanum
835 1395 943 1470 genus!

341 1475 424 1538 Quid
438 1474 490 1532 iste
505 1474 558 1530 fert
571 1473 731 1530 tumultuat
752 1474 861 1547 etquid
875 1472 1004 1532 omnium

503 1552 606 1610 Vultus
620 1551 650 1609 in
664 1571 754 1609 unum
768 1571 814 1608 me
828 1553 944 1610 trucesl

342 1633 398 1692 Per
410 1633 515 1691 liberos
527 1643 566 1703 te,
581 1632 605 1688 si
619 1642 719 1688 vocata
732 1629 867 1707 partubus
886 1695 888 1700 ,

503 1710 616 1766 Lucina
629 1711 703 1766 veris
716 1711 815 1781 adfuit,

344 1790 400 1848 Per
413 1790 469 1847 hoc
483 1787 568 1845 inane
582 1807 714 1863 purpurae
729 1789 828 1858 decus,
841 1805 951 1862 precor,

503 1866 560 1923 Per
573 1866 796 1942 improbaturum
810 1866 872 1922 haec
886 1866 996 1938 lovem,

345 1947 426 2011 Quid
441 1957 473 2004 ut
485 1965 608 2005 noverca
621 1964 668 2002 me
681 1945 810 2016 intueris,
824 1955 873 2002 aut
887 1941 928 2002 uti

503 2025 596 2082 Petita
610 2025 684 2082 ferro
698 2021 792 2081 bellua
799 2025 828 2081 l'’

344 2106 383 2166 Ut
396 2107 459 2164 lraec
474 2105 605 2162 trementi
620 2115 737 2179 questus
750 2123 808 2176 ore,
824 2103 949 2162 constitit

503 2183 668 2260 Insignibus
681 2184 768 2259 raptis
781 2202 861 2258 puer,

342 2264 463 2341 Impube
477 2282 589 2338 corpus,
603 2263 686 2339 quale
700 2274 794 2339 posset
808 2263 894 2338 impia

427 2344 429 2350 '
501 2341 614 2400 Mollire
628 2342 778 2399 Thracum
792 2354 907 2418 pectora
915 2363 923 2412 ;

291 2421 294 2428 ’
343 2423 477 2495 Canidia,
492 2421 623 2478 brevibus
637 2421 781 2496 implicata
791 2421 894 2495 viperis

502 2500 605 2558 Crines
619 2511 648 2556 et
661 2500 837 2575 incomptum
852 2509 947 2574 caput,

344 2582 433 2640 Jubet
445 2580 586 2657 sepulcris
600 2579 748 2654 caprificos
762 2591 866 2650 erutas,

501 2658 588 2716 Jubet
602 2679 752 2735 cupressos
766 2658 909 2730 funebres,

343 2741 381 2798 Et
394 2751 482 2798 uncta
495 2739 584 2814 turpis
597 2757 650 2795 ova
664 2758 741 2794 ranae
756 2738 905 2812 sanguine,

500 2817 686 2890 Plumamque
700 2831 847 2872 nocturnae
862 2815 966 2890 strigis,

343 2895 512 2969 Herbasque
526 2913 596 2967 quas
610 2893 703 2950 Iolcos
717 2905 801 2966 atque
816 2892 910 2950 Iberia

503 2969 591 3027 Mittit
605 2990 779 3028 venenorum
793 2971 880 3042 ferax,

344 3053 383 3110 Et
396 3069 461 3110 ossa
475 3050 572 3107 abore
587 3060 666 3124 rapta
677 3050 782 3124 jejune
797 3051 886 3119 canis,

502 3127 638 3184 Flammis
652 3129 734 3185 aduri
747 3127 900 3183 Colchicis.
934 3176 940 3193 s

343 3213 385 3272 At
398 3208 530 3286 expedita
545 3207 668 3282 Sagana,
683 3225 732 3281 per
747 3217 835 3263 totam
849 3205 965 3262 domum

504 3288 648 3362 Spargens
663 3285 821 3342 Avernales
836 3303 932 3360 aquas,

344 3371 451 3430 Horret
465 3367 575 3444 capillis
589 3377 620 3424 ut
634 3366 761 3423 marinus
775 3366 882 3440 asperis

503 3447 643 3519 Echinus,
658 3458 707 3504 aut
720 3464 839 3502 currens
852 3462 928 3520 aper.

344 3530 458 3588 Abacta
471 3527 551 3586 nulli
566 3526 639 3583 Veia
652 3524 833 3583 conscientia

501 3604 660 3682 Ligonibus
674 3605 753 3661 duris
767 3605 885 3660 humum

345 3685 548 3757 Exhauriebat,
563 3685 713 3760 ingemens
727 3681 887 3752 laboribus;
960 3755 962 3762 γ

502 3760 572 3825 Quo
587 3773 683 3839 posset
697 3761 820 3820 infossus
834 3779 904 3838 puer

343 3844 447 3920 Longo
459 3843 506 3900 die
520 3843 564 3899 bis
577 3852 676 3915 terque
690 3851 804 3898 mutatae
818 3841 897 3918 dapis

501 3920 626 3980 Inemori
640 3921 818 3997 spectaculo;
