2756 4366
294 729 524 826 QUINTI
566 731 846 808 HORATll
886 732 1131 809 FLACCI

552 981 873 1048 CARMINUM
970 1032 973 1038 .

577 1221 687 1274 LIBER
702 1223 847 1276 PRIMUS.

652 1664 783 1722 ODEI.
880 1658 964 1724 μ’(
992 1680 997 1694 ι
1027 1667 1077 1694 2¹¹
1128 1647 1234 1688 mr*

580 1799 620 1839 an
640 1796 850 1836 anonumum.

376 1890 544 1966 uacuas,
559 1874 884 1970 ttdvfsledi't'e*rjeg'ibds‚²

259 1999 261 2002 ·
372 1975 402 2034 Ο
415 1985 444 2034 et
456 1973 619 2052 praesidium
633 1983 663 2031 et
676 1973 760 2032 dulce
774 1975 862 2032 deeus
876 1975 988 2034 meuml

373 2057 450 2114 Sunt
462 2072 532 2129 quos
545 2051 687 2111 curriculo
697 2053 841 2128 pulverem
855 2053 1038 2132 Olympicum

372 2132 531 2209 collegisse
541 2131 635 2208 juvat;
656 2142 789 2208 metaque
802 2131 917 2192 fervidis

371 2211 484 2272 Eritata
496 2211 574 2283 rotis,
587 2209 736 2287 palmaque
750 2211 863 2286 nobilis,

372 2291 528 2350 Terrarum
542 2289 672 2350 dominos
685 2291 780 2348 evehit
793 2293 829 2350 ad
843 2291 926 2352 deos:

371 2371 470 2444 Hune,
485 2371 509 2428 si
523 2369 669 2429 mobilium
683 2369 766 2428 turba
778 2369 938 2448 Quiritium

370 2451 471 2510 uertat
483 2449 650 2526 tergeminis
662 2449 760 2507 tollere
775 2448 929 2508 honoribus
936 2468 945 2520 ς

371 2529 468 2600 lllum,
483 2529 506 2586 si
519 2528 633 2606 proprio
645 2528 774 2587 condidit
786 2527 888 2586 horreo

370 2606 521 2684 Quidquid
534 2606 571 2665 de
586 2605 703 2684 Libycis
715 2607 833 2665 verritur
847 2605 929 2666 areis.
1169 2611 1204 2668 1⁰

369 2688 553 2747 Gaudentem
566 2687 671 2764 patrios
681 2687 790 2747 findere
804 2687 916 2746 sarculo

369 2768 463 2846 Agros
478 2767 610 2826 Attalicis
623 2766 834 2826 conditionibus

369 2846 526 2921 Nunquam
540 2847 684 2903 dimoveas
697 2856 728 2902 ut
742 2845 823 2902 trahe
836 2843 942 2921 Cypria

370 2925 516 3000 Myrtoum
529 2923 647 2999 pavidus
661 2933 748 2982 nauta
761 2934 839 2984 secet
851 2941 937 2982 mare.

370 3003 541 3062 Luctantem
555 2994 655 3062 Icariis
668 3003 803 3070 fluctibus
816 3002 950 3064 Africum
1166 3007 1203 3063 15

371 3082 514 3140 Mercator
528 3093 669 3154 metuam,
682 3084 772 3141 otium
783 3093 812 3140 et
825 3083 922 3160 oppidi

369 3159 482 3218 Laudat
494 3177 561 3216 rura
574 3160 632 3214 sui:
653 3178 719 3216 mox
731 3160 823 3217 reficit
836 3171 912 3218 rates

367 3239 508 3309 Quassus,
523 3234 654 3294 indocilis
666 3234 832 3312 pauperiem
844 3235 913 3310 pati.-

368 3317 421 3376 Est
434 3317 482 3394 qui
495 3334 550 3374 neo
564 3314 667 3372 veteris
680 3313 783 3390 pocula
796 3309 925 3386 Massici,

368 3397 433 3455 Neo
445 3406 554 3473 partem
568 3393 659 3452 solido
672 3394 788 3452 demere
802 3393 838 3452 de
852 3392 899 3451 die
1159 3399 1200 3459 2⁰

369 3476 493 3553 Spernit,
508 3491 586 3535 nunc
600 3473 683 3532 viridi
696 3473 824 3532 membra
838 3472 892 3530 sub
905 3470 1005 3532 arbuto

368 3557 487 3626 Stratus,
501 3562 580 3612 nunc
593 3553 630 3610 ad
643 3573 727 3629 aquae
736 3553 801 3614 lene
814 3561 900 3628 caput
913 3570 1010 3613 morae.

367 3633 474 3692 Multos
487 3642 580 3692 castra
590 3632 699 3708 juvant,
713 3642 743 3689 et
754 3631 825 3690 lituo
837 3632 912 3690 tube

367 3713 527 3773 Permixtus
539 3713 658 3785 sonitus,
673 3711 802 3786 bellaque
815 3713 953 3771 matribus

367 3791 521 3852 Detestata
563 3790 664 3850 Manet
678 3789 731 3847 rub
744 3789 814 3849 Jove
829 3792 933 3869 frigido
1157 3793 1197 3850 25

367 3870 507 3945 Venator,
517 3882 623 3930 tenera
636 3868 765 3951 conjugis
778 3871 940 3940 inuuemor3
