2706 4362
498 385 529 443 Q.
546 383 694 434 HORATH
710 384 834 436 Feroci

582 605 667 666 ODE
687 607 744 666 III.
771 639 774 644 ·

531 743 571 783 An
585 745 793 785 MAECENATEM.

235 831 247 858 ⁴
288 842 443 904 Pinarius
456 844 523 902 olim
537 845 561 902 si
575 845 638 920 quis
652 846 739 922 impis
754 864 840 904 manu
870 867 871 874 ¹

331 955 333 960 s
408 923 505 980 Senile
515 934 612 1000 guttur
626 925 749 1000 fregerit,

289 1003 365 1060 Edat
377 1003 479 1059 oieutis
493 1002 591 1060 allium
605 1004 764 1061 nocentius.

406 1080 436 1136 0
448 1081 520 1138 dura
533 1100 692 1139 messorum
706 1081 770 1139 ilia!

287 1159 369 1223 Quid
384 1161 439 1217 hoo
453 1161 556 1217 veneni
569 1162 648 1218 sevit
662 1162 692 1218 in
706 1160 890 1236 praeoerdiist

407 1237 487 1294 Num
501 1239 644 1315 viperinus
657 1239 702 1296 his
715 1258 798 1297 cruor

289 1315 425 1374 Inoootus
439 1317 533 1373 herbis
547 1336 594 1374 me
608 1317 727 1375 fefellit?
748 1337 785 1375 an
799 1317 889 1375 mules

316 1429 321 1441 ·
408 1394 530 1452 Canidia
543 1397 673 1452 traotavit
686 1397 793 1472 dapes?

289 1473 329 1532 Ut
342 1475 524 1549 Argonautas
536 1485 637 1548 praeter
651 1494 751 1532 omnes
764 1475 920 1536 candidum

406 1551 513 1608 *Medea
525 1553 626 1610 mirata
639 1565 683 1611 est
696 1555 810 1626 ducem,
839 1557 842 1562 “

289 1629 393 1708 Ignota
406 1629 494 1688 tauris
507 1630 680 1707 illigaturum
692 1633 771 1710 juga,

407 1709 545 1767 Perunxit
557 1712 612 1768 boo
626 1710 644 1766 J
646 1731 780 1772 usonem:

289 1788 355 1846 Hoo
369 1788 501 1845 delibutis
515 1789 574 1846 ulta
588 1789 669 1848 donis
682 1791 823 1867 pellioem,

408 1868 546 1942 Serpente
561 1868 633 1944 fugit
646 1871 720 1928 alite.
791 1873 796 1882 '

170 2021 173 2027 Δ
288 1944 353 2002 Neo
367 1957 462 2003 tantus
476 1965 601 2021 unquam
614 1948 739 2008 siderum
754 1949 857 2007 insedit
870 1967 955 2025 vapor

408 2025 567 2083 Sitioulosae
582 2027 711 2102 Apulie3

232 2135 237 2144 ·
288 2100 353 2159 Neo
368 2120 473 2159 munus
486 2103 612 2162 humeris
626 2106 750 2164 efficacis
764 2106 900 2164 Herculis

407 2179 513 2237 Inarsit
527 2181 683 2244 aestuosins.

585 2493 669 2552 ODE
690 2493 742 2552 IV.

583 2629 617 2666 IN
630 2630 749 2668 ΜΕΝΑΜ.

287 2727 380 2789 Lusis
393 2739 422 2786 et
436 2727 517 2804 agnis
530 2739 636 2803 quanta
649 2724 746 2786 sortito
760 2730 871 2807 obtigit,

405 2807 519 2865 Tenum
535 2807 605 2865 mihi
618 2808 760 2866 disoordia
773 2820 826 2882 est,

286 2885 406 2946 Iberiois
418 2897 532 2962 peruste
547 2887 661 2944 funibus
673 2887 756 2959 latus,

407 2964 445 3023 Et
458 2985 543 3023 erute
555 2966 627 3023 duri
641 2967 786 3042 compede.

288 3043 373 3103 Licet
386 3045 526 3121 superbus
539 3043 666 3102 ambules
679 3045 813 3120 peouuiti,

405 3123 533 3183 Formae
546 3143 605 3182 non
619 3135 709 3182 mutat
721 3143 821 3202 genus.

286 3202 424 3275 Videsne,
438 3222 547 3262 sacrem
562 3204 696 3263 metiente
710 3216 737 3262 te
753 3206 825 3264 viam

405 3285 480 3341 Cum
491 3284 535 3340 bis
548 3294 590 3341 ter
604 3285 732 3342 ulnarum
747 3286 824 3361 toga,

285 3358 324 3417 Ut
337 3380 387 3419 ora
400 3372 490 3417 vertat
502 3363 558 3418 huo
569 3372 598 3418 et
611 3363 669 3418 huo
682 3363 811 3420 euntium

406 3439 564 3496 Libenima
577 3439 754 3514 indignatio?

288 3517 392 3574 Seotus
406 3517 524 3594 flagellis
538 3518 585 3576 hie
599 3517 846 3591 Triumviralibus,

405 3596 549 3655 Praeoonis
563 3596 597 3652 ad
613 3595 766 3668 fastidium,

287 3672 360 3729 Aret
373 3673 489 3731 Falerni
504 3675 581 3732 mille
595 3674 675 3731 fundi
686 3673 796 3750 jugera,

404 3751 443 3809 Et
458 3752 581 3828 Appiam
595 3753 706 3811 mannis
719 3753 800 3810 terit:

286 3828 484 3903 Sedilibusque
498 3850 619 3906 magnus
633 3835 663 3891 in
675 3832 774 3909 primis
787 3852 882 3910 eques

405 3906 520 3964 Othone
535 3921 706 3987 contempto,
720 3914 808 3972 sedet,
