2706 4362
727 133 750 180 d

467 287 714 338 EPISTOLARUM
730 289 797 338 LIB.
814 289 836 338 1.
854 293 891 338 18.
1117 291 1172 350 105

224 435 287 499 Qui
301 434 380 507 dicit,
395 433 508 504 clamat,
524 432 670 490 “Victum
686 434 779 492 date.'’
822 432 955 491 succinit
966 431 1054 490 alter:

226 514 295 571 “Et
308 513 378 570 mihi
391 512 505 570 dividuo
519 510 642 570 findetur
656 531 774 570 munere
788 512 923 586 quadra”

227 594 284 652 Sed
299 593 401 651 tacitus
415 591 495 666 pasci
509 591 533 646 si
547 602 642 667 posset
655 610 767 663 corvus,
782 591 898 648 haberet
1135 589 1175 648 5⁰

226 671 294 730 Plus
307 670 397 747 dapis,
411 681 441 727 et
453 671 522 727 rixa
536 668 625 727 multo
639 671 743 743 minus,
758 671 935 746 invidiaque.
991 699 996 706 -

265 749 458 808 Brundusium
473 767 570 806 comes
584 761 633 806 aut
647 751 815 806 Surrentum
837 751 941 806 ductus
955 767 1108 820 amoenum,

183 827 187 834 ¹
225 828 288 889 Qui
302 829 428 903 queritur
442 827 566 884 salebras
579 841 608 886 et
621 819 757 885 acerbum
772 829 860 903 frigus
874 840 903 885 et
916 827 1030 902 imbres,

227 909 289 964 Aut
302 907 404 964 cistam
417 905 564 962 effractam
579 917 628 963 aut
641 908 781 965 subducta
794 908 895 964 viatica
905 907 1004 982 plorat,

227 985 305 1043 Nota
318 986 404 1042 refert
417 985 574 1040 meretricis
589 986 731 1056 acumina,
747 984 822 1060 saepd
838 987 979 1056 catellam,
1136 984 1175 1040 55

230 1061 314 1139 Saepe
330 1060 527 1139 periscelidem
541 1073 649 1136 raptam
664 1064 718 1119 sibi
733 1064 844 1130 flentis;
866 1061 907 1118 nti
919 1081 985 1120 mox

228 1141 317 1200 Nulla
330 1142 400 1198 fides
414 1139 526 1196 daninis
540 1142 667 1215 verisque
681 1141 825 1199 doloribus
839 1141 919 1196 adsit.

229 1219 294 1278 Nec
307 1220 394 1278 semel
409 1219 506 1276 irrisus
520 1219 614 1287 triviis,
622 1220 748 1278 attollere
763 1229 843 1277 curat
890 1281 892 1287 ,

229 1299 334 1358 Fracto
345 1318 427 1356 crure
437 1298 553 1373 planum
566 1318 573 1368 ;
595 1299 663 1356 licet
675 1300 717 1356 illi
728 1298 850 1374 plurima
863 1309 960 1355 manet

229 1379 387 1454 Lacryma3
407 1396 458 1452 per
472 1389 608 1435 sanctum·
614 1379 724 1454 juratus
738 1379 816 1435 dicat
829 1377 947 1448 Osirim,
1138 1376 1177 1433 60

230 1462 247 1488 “
263 1457 389 1528 Credite,
404 1475 461 1517 non
476 1456 561 1525 ludo;
584 1459 724 1530 crudeles,
739 1458 828 1516 tollite
842 1457 1004 1513 claudum.''

230 1540 248 1566 “
262 1535 370 1597 Quaere
384 1535 593 1610 peregrinum,'’
609 1537 715 1593 vicinia
728 1555 816 1594 rauca
829 1535 972 1592 reclamat.

538 1719 824 1734 -n—-n-—n—-n-q

476 1911 480 1918 .
518 1841 722 1901 EPISTOLA
736 1843 853 1900 XVIII.

587 1981 627 2018 AD
646 1981 784 2020 conmuni.

232 2087 266 2144 Sr
280 2086 353 2144 bene
367 2095 395 2141 te
409 2083 485 2154 nori,
498 2093 618 2153 metues,
631 2081 774 2138 liberrime
788 2080 872 2153 Lolli,

232 2162 394 2222 Scurrantis
407 2161 680 2237 speciempraebere,
694 2159 836 2234 professus
848 2161 980 2218 amicum.

230 2242 269 2299 Ut
282 2252 409 2298 matrona
419 2239 562 2297 meretrici
576 2239 670 2314 dispar
681 2238 734 2295 erit
747 2249 831 2313 atque

230 2320 370 2391 Discolor,
386 2319 473 2376 infido
486 2336 591 2374 scurrae
605 2317 720 2374 distabit
733 2317 851 2374 amicus.

230 2398 283 2456 Est
297 2398 364 2455 huic
378 2397 521 2453 diversum
535 2396 603 2452 vitio
613 2395 712 2452 vitium
725 2393 813 2471 prope
826 2395 929 2470 majus,

230 2477 379 2552 Asperitas
392 2476 510 2550 agrestis
523 2485 552 2531 et
563 2474 738 2531 inconcinna
751 2475 908 2549 gravisque,

231 2556 307 2616 Quae
322 2574 352 2612 se
366 2554 548 2611 commendat
561 2554 643 2610 tonsd
654 2563 730 2623 cute,
745 2553 878 2610 dentibus
891 2552 974 2622 atris;

230 2633 306 2690 Dum
322 2633 380 2690 vult
393 2632 507 2690 libertas
520 2631 577 2689 dici
592 2651 678 2701 mera,
693 2648 812 2706 veraque
826 2631 922 2688 virtus.

230 2713 328 2770 Virtus
342 2722 385 2769 est
399 2712 524 2768 medium
535 2711 666 2767 vitiorum
677 2720 706 2766 et
719 2711 850 2785 utrinque
861 2711 1019 2768 reductum.

231 2791 312 2847 Alter
327 2790 357 2845 in
370 2789 535 2863 obsequium
551 2787 616 2861 plius
630 2807 710 2861 aequo
723 2807 840 2862 pronus,
853 2798 883 2843 et
896 2788 946 2844 imi
1144 2787 1180 2845 10

231 2868 347 2924 Derisor
360 2867 437 2936 lecti,
451 2866 494 2920 sic
507 2875 608 2920 nutum
622 2864 717 2919 divitis
731 2865 834 2934 horret,

232 2946 282 3001 Sic
296 2945 377 3000 iterat
391 2960 484 3012 voces,
499 2953 528 2996 et
541 2941 626 2996 rerba
639 2941 770 2997 cadentia
782 2942 865 3013 tollit,
963 3009 966 3016 Ι

231 3022 270 3080 Ut
282 3039 402 3098 puerum
417 3037 490 3076 saevo
504 3019 603 3075 credas
614 3018 720 3075 dictata
733 3020 866 3095 magistro

231 3101 378 3171 Reddere,
393 3098 435 3155 vel
449 3108 543 3173 partes
557 3097 675 3152 mimum
687 3105 807 3154 tractare
822 3098 975 3154 secundas.-

231 3181 313 3239 Alter
327 3178 433 3235 rixatur
447 3176 560 3233 delanti
573 3172 649 3248 saepe
661 3171 789 3250 caprinis,
1146 3177 1182 3234 15

231 3259 395 3336 Propugnat
409 3255 494 3332 nugis
507 3266 650 3312 armatus:
672 3258 689 3283 “
704 3254 831 3326 Scilicet,
842 3265 874 3311 ut
887 3272 945 3313 non

232 3339 277 3396 Sit
290 3337 359 3395 mihi
373 3336 464 3414 prima
478 3334 558 3407 fides,
573 3346 611 3407 et,
626 3331 692 3391 vere
707 3333 781 3409 quod
795 3336 897 3410 placet,
909 3344 941 3390 ut
954 3351 1014 3391 non

230 3417 346 3475 Acriter
360 3417 487 3483 elatrem‚
501 3415 623 3490 pretium
637 3425 705 3471 aetas
719 3414 807 3472 altera
821 3414 943 3471 sordet.''

232 3495 396 3570 Ambigitur
409 3494 477 3569 quid
490 3495 590 3552 enimi
612 3493 712 3551 Castor
726 3493 798 3550 sciat
812 3513 849 3550 an
863 3491 1001 3550 Dolichos
1010 3491 1087 3568 plus3

232 3572 426 3630 Brundusium
440 3571 552 3630 Minuci
567 3569 669 3629 melida
683 3573 727 3628 via
738 3573 835 3644 ducat,
847 3591 883 3629 an
898 3570 984 3648 Appi
1141 3572 1182 3630 2⁰

271 3651 371 3711 Quem
385 3651 521 3708 damnosa
534 3652 644 3721 Venus,
658 3669 743 3725 quem
756 3670 882 3727 preceps
896 3652 958 3709 alea
971 3651 1069 3724 nudat,

232 3729 330 3787 Gloria
342 3746 426 3803 quem
440 3748 523 3803 supra
537 3731 610 3787 vires
624 3740 653 3786 et
666 3729 749 3786 vestit
762 3744 791 3786 et
804 3731 895 3806 ungit,

232 3807 331 3870 Quem
344 3817 422 3865 tenet
435 3808 545 3883 argenti
559 3809 620 3867 sitis
633 3809 794 3883 importuna
807 3809 960 3885 fumesque,
