2704 4362
588 279 654 328 Ans
671 280 827 330 POETICA.

287 423 439 483 'AEmilium
453 422 531 482 circa
543 422 643 482 ludum
658 422 736 481 faber
749 422 825 480 imus
837 434 992 500 ot-ungues

207 497 215 516 '
251 502 399 580 Exprimet
412 514 441 560 et
453 503 554 561 molles
566 503 722 560 imitabitur
736 501 792 560 aere
806 502 938 578 capillcs;
1005 499 1007 503 ’

251 582 355 640 Infelix
367 582 462 658 operis
471 581 593 655 summiq
607 581 674 656 quia
686 599 792 657 ponere
806 592 896 639 totum
981 609 984 616 »
1064 598 1066 606 ’

251 661 389 718 Nesciet:
410 661 489 718 bunc
502 677 557 735 ego
570 678 626 731 me,
641 659 665 717 11
678 659 747 733 quid
761 679 933 736 componere
946 681 1056 735 curem,

250 739 318 798 Non
334 736 426 816 magis
439 757 502 796 esse
516 737 611 808 velim,
625 735 711 811 quiam
724 757 810 811 pravo
823 739 916 797 vivere
931 759 1011 814 naso,

184 859 188 864 -
251 818 447 895 Spectandum
461 815 549 891 nigris
562 815 664 886 oculis,
677 815 814 890 nigroque
827 818 937 892 capillo.

292 897 405 954 Sumite
419 893 567 952 materiam
581 893 690 965 vestris,
704 894 753 968 qui
768 895 900 969 scribitis,
915 915 1024 971 aequam
1039 931 1042 936 ==

160 999 164 1014 ·
251 975 386 1044 Viribus3
409 984 439 1031 11
449 983 557 1030 versate
571 971 621 1028 diu
635 972 702 1046 quid
717 973 789 1029 ferre
803 985 945 1046 recusent,

252 1054 334 1115 Quid
348 1053 461 1110 valeant
473 1050 600 1108 humari:
622 1050 670 1108 1111
684 1050 759 1120 11111
769 1059 899 1128 potenter
914 1055 1036 1128 eritrea,

252 1132 319 1190 Nec
332 1131 466 1190 facundia
480 1131 693 1202 deseretbunc,
708 1148 763 1196 nec
774 1130 888 1188 lucidus
901 1133 979 1190 ordo.

292 1211 412 1268 Ordinis
425 1210 487 1267 bec
501 1210 588 1266 virtus
601 1208 655 1266 erit
667 1220 697 1266 et
711 1228 809 1281 venus,
825 1222 874 1268 aut
886 1229 941 1286 ego
955 1211 1044 1285 fallor,

233 1355 235 1360 ,
250 1290 291 1349 -Ut
302 1291 361 1368 jam
376 1308 454 1347 nunc
469 1289 556 1360 dicat,
567 1287 628 1363 jam
641 1307 721 1344 nunc
735 1289 869 1346 debentia
882 1290 940 1347 dici

252 1370 390 1446 Pleraque
404 1367 525 1440 differat,
539 1379 569 1424 11
581 1387 707 1444 presens
721 1367 750 1425 in
764 1379 877 1444 tempus
889 1369 1008 1428 omittat.

228 1467 230 1472 ‘
292 1448 330 1505 ln
343 1447 436 1506 verbis
449 1447 535 1504 etiam
549 1446 643 1504 tenuis
657 1457 814 1521 cautusque
828 1448 965 1520 serendis,

253 1525 320 1586 Hoc
334 1536 420 1599 amet,
434 1527 489 1583 hoc
503 1533 618 1600 spernat
629 1525 759 1600 'promissi
774 1525 909 1585 carminis
925 1537 1032 1584 auctor.

253 1601 368 1663 Diireris
381 1601 508 1680 egregie,
522 1613 620 1660 notum
635 1602 659 1660 si
673 1603 775 1660 callida
786 1604 903 1660 verbum

254 1684 427 1741 Reddiderit
437 1682 571 1756 junctura
584 1699 698 1738 novum.
740 1682 772 1738 Si
785 1679 856 1738 1111111
872 1701 990 1739 necesse
1004 1695 1047 1741 est

255 1761 376 1821 Iudiciis
389 1770 546 1817 monstrare
559 1758 723 1822 recentibus
736 1759 832 1820 abdita
845 1778 950 1832 rerum,

256 1840 381 1916 Fingere
395 1837 529 1896 cinctutis
543 1857 601 1895 nou
615 1837 748 1900 exaudita
762 1837 899 1914 Cethegis

255 1919 426 1994 Continget:
448 1916 615 1991 dabiturque
628 1916 746 1973 licentia
759 1927 871 1992 sumpta
880 1918 1020 1992 pudenter
1033 1938 1039 1974 ε

256 1997 295 2055 Et
308 2017 380 2055 nova
394 1996 515 2070 fictaque
528 2014 619 2071 nuper
634 1995 782 2052 habebunt
794 1996 879 2052 verba
892 1995 989 2068 fidem,
1001 1997 1025 2055 si

255 2077 358 2134 Graeco
373 2077 449 2132 fonte
463 2075 576 2146 cadant,
588 2070 674 2148 parce
689 2073 806 2132 detorta.
847 2073 930 2134 Quid
944 2085 1039 2132 autem

255 2155 374 2215 Caecilio
386 2153 542 2228 Plautoque
556 2152 636 2210 dabit
649 2151 800 2210 Romanus
813 2153 977 2227 ademptum

254 2233 375 2310 Virgilio
389 2231 552 2306 Varioquel
573 2227 632 2308 ego
641 2249 702 2303 cur,
717 2231 863 2306 acquirere
873 2250 966 2306 pauca

255 2312 288 2370 Si
301 2330 426 2388 possum,
439 2311 577 2382 invideor,
590 2329 678 2385 quum
691 2310 790 2386 lingua
803 2310 922 2368 Catonis
934 2320 964 2368 et
978 2310 1056 2369 Enni

256 2392 424 2448 Sermonem
437 2389 559 2463 patrium
574 2389 712 2459 ditaverit,
726 2401 755 2444 et
769 2407 841 2444 nova
854 2407 950 2445 rerum

256 2467 383 2524 Nomina
396 2466 562 2541 protuleritl
602 2465 699 2522 Licuit
712 2484 877 2540 semperque
890 2465 988 2524 licebit

257 2546 408 2620 Signatum
420 2554 559 2619 praesente
573 2543 641 2600 noti
654 2543 811 2618 producere
824 2563 939 2602 nomen.

251 2623 294 2681 'Ut
307 2623 384 2680 silve
399 2622 472 2679 foliis
485 2639 589 2697 pronos
603 2632 748 2678 mutantur
762 2622 792 2679 in
807 2642 906 2695 anuos,

255 2702 352 2759 Prima
365 2701 488 2769 cadunt3
510 2700 549 2756 111
562 2700 711 2756 verborum
726 2712 805 2757 vetus
820 2701 915 2758 interit
929 2713 1005 2774 atas,

256 2779 295 2837 Et
305 2779 442 2854 juvenum
455 2777 510 2834 ritu
524 2775 626 2834 florent
639 2775 724 2834 modd
739 2789 816 2848 nata,
827 2779 987 2853 vigentque.

256 2856 402 2915 Debemur
416 2855 500 2910 morti
514 2872 567 2910 nos
580 2866 747 2928 nostraque;
769 2855 827 2911 sive
838 2870 969 2932 receptus

258 2934 351 2992 'Ferri
365 2932 519 3007 Neptunus
533 2931 639 2988 classes
653 2932 843 3007 Aquilonibus
856 2945 943 3005 arcet,

258 3013 350 3090 Regis
363 3029 450 3086 opus;
472 3009 629 3085 sterilisque
643 3010 693 3066 diu
706 3010 798 3084 palus,
812 3023 931 3086 aptaque
944 3013 1040 3082 remis,

257 3093 376 3155 Vicinus
390 3090 474 3147 urbes
487 3088 538 3145 alit
550 3100 579 3146 et
591 3106 676 3164 grave
690 3089 776 3146 sentit
789 3102 912 3146 aratrum
924 3109 931 3158 3

258 3175 318 3232 Seu
332 3187 447 3228 cursum
462 3167 580 3226 mutavit
593 3167 724 3242 iniquum
738 3167 867 3243 frugibus
880 3169 982 3239 amnis,

257 3251 367 3311 Doctus
381 3249 434 3306 iter
447 3247 558 3304 melius.
599 3246 732 3305 Mortalia
745 3247 820 3306 facta
833 3248 981 3324 peribunt3

257 3330 375 3390 Nedum
389 3345 552 3386 sermonum
567 3338 621 3384 stet
636 3328 737 3401 bonos,
752 3338 781 3386 et
794 3328 885 3404 gratia
898 3326 987 3384 vivax.

259 3409 352 3468 Multa
364 3418 550 3466 renascentur
563 3425 625 3482 quae
637 3407 696 3484 jam
710 3405 853 3478 cecidere,
867 3406 1028 3482 cadentque

258 3489 335 3550 Quae
348 3505 427 3544 nunc
441 3485 552 3546 suntin
566 3487 683 3558 honore,
697 3485 844 3557 vocabula,
858 3481 883 3542 si
896 3485 970 3543 volet
983 3503 1061 3556 usus,

258 3567 356 3628 Quem
369 3583 458 3640 penes
472 3565 619 3623 arbitrium
632 3575 676 3622 111
689 3575 718 3622 11
728 3565 776 3640 jus
789 3576 819 3622 et
831 3582 931 3622 norma
944 3563 1086 3640 loquendi.

299 3644 361 3701 Res
374 3653 461 3718 gestae
474 3662 630 3719 regumque
645 3644 806 3718 ducumque
830 3655 859 3701 11
872 3643 962 3702 1111111
976 3643 1048 3702 bella

257 3723 328 3788 Quo
342 3721 428 3778 scribi
440 3733 556 3796 possent
566 3741 692 3792 numero,
699 3723 864 3780 monstravit
878 3723 1029 3781 Homerus.

297 3798 438 3858 Versibus
451 3799 595 3873 impariter
605 3800 713 3874 junctis
726 3801 904 3876 querimonia
913 3799 1048 3878 primdm‚
