2706 4362
188 301 243 360 132
513 297 544 355 o.
562 297 708 348 nonarn
725 298 850 350 rancor

224 443 285 500 Aut
298 443 436 518 apotheca
450 442 544 518 procis
557 441 665 499 intacta
678 451 731 515 est,
745 454 794 499 aut
806 459 912 518 pecus:
933 443 1010 518 atqui

223 521 262 579 Et
274 539 375 597 genus,
390 530 419 578 et
432 519 529 593 virtus,
543 520 599 577 nisi
613 539 679 578 cum
692 539 734 593 re,
748 520 827 579 vilior
841 521 906 597 alga
915 531 967 580 eat.

611 688 742 722 fllium.

222 769 350 831 Quando
362 769 537 844 pauperiem,
548 769 642 826 missis
653 769 828 846 ambagibus,
843 769 950 842 horres,

223 849 334 923 Accipe
347 847 403 923 qud
416 848 525 905 ratione
538 865 626 922 queas
639 847 786 906 ditescere.
828 845 946 904 Turdus
1137 853 1175 910 10

223 926 291 984 Sive
305 927 382 983 aliud
396 927 507 1001 privum
522 927 633 984 dabitur
647 927 714 996 tibi;
735 926 847 984 devolet
860 926 928 983 illuc

223 1005 286 1063 Res
299 1006 347 1062 ubi
361 1023 469 1081 magna
479 1006 560 1078 nitet,
575 1005 691 1067 domino
705 1024 787 1075 sene3
808 1005 905 1062 dulcia
916 1005 1011 1081 poma,

223 1083 261 1141 Et
274 1102 456 1159 quoscunque
471 1084 540 1141 feret
554 1085 647 1142 cultus
661 1085 713 1144 tibi
727 1084 832 1141 fundus
846 1084 976 1158 honores,

222 1163 301 1219 Ante
315 1162 418 1220 Larem
432 1173 527 1239 gustet
540 1163 726 1221 venerabilior
740 1162 812 1220 Lare
826 1163 923 1219 dives:

220 1240 283 1301 Qui
296 1242 423 1316 quamvis
437 1241 565 1317 perjurus
578 1244 641 1314 erit,
656 1243 717 1300 sine
731 1257 827 1317 gente,
842 1251 977 1298 cruentus
1133 1245 1170 1302 15

222 1320 370 1395 Sanguine
384 1319 517 1392 fraterno,
532 1321 666 1396 fugitivus
678 1341 684 1388 ;
706 1339 743 1377 ne
758 1333 854 1378 tamen
867 1319 909 1377 illi
930 1365 933 1370 .

222 1397 271 1455 Tu
285 1417 381 1456 comes
395 1398 527 1472 exterior,
542 1399 566 1455 si
579 1398 710 1474 postulet,
725 1400 766 1457 ire
780 1417 902 1457 recuses.
953 1471 957 1480 ,

616 1567 733 1600 ULYSSES.

221 1652 297 1711 Utne
311 1664 405 1730 tegam
419 1670 521 1730 spurco
534 1652 634 1712 Damae
648 1654 741 1713 latusl
762 1656 838 1712 haud
852 1655 892 1713 ita
905 1652 1001 1730 Trojae

221 1730 272 1790 Me
286 1733 372 1810 gessi,
386 1743 499 1791 certans
513 1753 623 1810 semper
637 1735 807 1792 melioribus,

612 1883 744 1916 alamans.

852 1971 930 2050 Ergo

219 2045 331 2122 Pauper
344 2047 407 2106 eris.

614 2196 732 2232 ULYSSES.

455 2276 570 2338 Fortem
584 2281 639 2342 hoc
653 2284 780 2340 animum
794 2283 913 2342 tolerare
925 2285 1047 2361 jubebo:
1127 2286 1168 2345 20

219 2354 258 2412 Et
270 2355 412 2430 quondam
426 2357 532 2434 majora
545 2359 605 2418 tuli.
647 2360 696 2419 Τιι
710 2373 854 2438 protenus,
869 2365 947 2423 unde

220 2432 341 2492 Divitias
356 2435 474 2511 atrisque
488 2455 579 2512 ruam,
594 2439 650 2513 dic,
665 2456 765 2517 augur,
780 2460 904 2531 acervos.

609 2588 741 2622 allalatus.

218 2666 286 2725 Dixi
299 2669 441 2744 equidem,
455 2682 484 2728 et
497 2671 570 2729 dico.
612 2673 718 2750 Captes
732 2687 841 2734 astutus
857 2677 960 2752 ubique

218 2745 406 2806 Testamenta
419 2769 538 2807 senum:
561 2771 627 2824 neu,
643 2751 666 2808 si
680 2754 841 2812 valeranus
855 2766 884 2814 et
897 2757 968 2814 alter

218 2824 323 2888 Insidia
341 2846 416 2884 orem
431 2849 552 2904 praeroso
566 2830 677 2906 fugeret
690 2834 784 2906 harno,
1125 2837 1164 2895 25

217 2908 278 2962 Aut
292 2925 370 2981 spem
383 2908 519 2984 deponas,
534 2921 582 2966 aut
596 2922 683 2968 artem
697 2912 796 2970 illusus
809 2913 930 2972 omittas.

217 2983 326 3060 Magna
340 2985 464 3043 minorve
477 2986 535 3045 foro
550 2988 629 3046 sires
643 2991 796 3049 certabitur
809 2991 887 3066 olim,

217 3064 302 3121 Vivet
315 3074 376 3120 uter
389 3064 513 3141 locuples
528 3067 589 3126 sine
602 3069 704 3144 gnatia,
720 3069 862 3146 improbus
876 3071 950 3129 ultro

215 3142 278 3203 Qui
291 3141 437 3200 meliorem
450 3146 545 3203 audax
559 3158 640 3204 vocet
652 3148 682 3205 in
694 3149 756 3224 jus;
777 3149 853 3214 illius
867 3160 927 3208 esto

216 3219 371 3278 Defensor:
392 3222 467 3279 sama
481 3225 571 3281 civem
590 3227 732 3304 causaque
746 3229 868 3303 priorem
1124 3229 1164 3288 30

217 3299 335 3372 Sperne,
348 3301 423 3357 dorni
437 3301 460 3358 si
475 3315 576 3377 gnatus
590 3304 643 3360 erit
656 3305 822 3372 soecundave
837 3307 949 3384 conjux.

216 3379 235 3405 “
244 3376 383 3448 Quinte,’'
399 3391 475 3454 puta,
490 3392 538 3438 aut
552 3386 570 3410 “
580 3381 692 3455 Publi,''
710 3382 849 3460 (gaudent
862 3387 1037 3462 praenomine
1050 3387 1148 3444 molles

216 3453 386 3534 Auriculae‚)
404 3462 421 3488 “
436 3459 487 3515 tibi
501 3478 547 3518 me
560 3459 648 3517 virtus
662 3472 711 3518 tua
725 3463 792 3520 lecit
806 3467 949 3523 amicum:

216 3529 234 3584 J
237 3548 269 3585 us
283 3552 388 3608 anceps
402 3538 477 3608 novi,
491 3557 591 3595 causas
605 3536 757 3599 defendere
771 3563 899 3618 possum:

215 3607 325 3684 Eripiet
338 3613 427 3686 quivis
440 3617 537 3673 oculos
551 3617 635 3678 citiirs
648 3619 727 3691 mihi,
742 3619 828 3694 quarn
841 3633 870 3678 te
1122 3624 1162 3680 35

215 3685 416 3764 contemptum
430 3695 512 3750 cassia
526 3715 600 3752 nuce
613 3709 761 3772 pauperet:
784 3700 845 3755 haec
860 3719 923 3758 mea
933 3721 1002 3759 cura
1015 3712 1067 3774 est,

215 3763 262 3820 Ne
276 3767 343 3838 quid
357 3779 387 3823 tu
398 3773 508 3844 perdaS,
524 3793 581 3830 neu
595 3776 633 3832 ris
643 3776 752 3850 jocus.’'
795 3775 841 3834 Ire
855 3779 971 3837 domum
985 3791 1068 3856 atque

215 3842 380 3901 Pelliculam
396 3865 494 3904 curare
505 3850 590 3924 jube:
612 3854 631 3908 fi
644 3855 772 3928 cognitor
787 3855 854 3932 ipse.
