2706 4362
519 285 658 342 EPODON
675 285 789 341 LIBER«

268 417 270 421 ,
318 432 516 495 Inultnsuttu
530 433 626 494 riseris
639 433 764 508 Cotyttia
871 423 873 430 ’

319 515 376 574 vui
398 525 453 586 atu,
468 531 581 572 eaerum
595 513 677 570 liberi
691 509 868 587 Cupidinisi

318 593 356 654 Et
370 535 510 670 iisquiiini
523 591 651 668 pontifex
665 587 784 648 venefici

319 671 442 750 Impune
454 683 486 732 nt
499 673 598 730 urbem
613 670 729 730 nomine
743 667 870 744 impliris
883 669 969 728 meni
1007 733 1010 744 Ι

318 752 401 813 Quid
414 753 544 827 proderat
558 741 810 824 ditasse-Peligna
823 767 907 822 anus,

319 831 491 890 velociusve
504 829 653 888 miscuisse
666 829 792 890 toxicum
804 828 816 883 i

243 934 247 942 ’
321 911 380 969 Sed
393 911 517 970 tardiora
528 911 584 970 sata
597 921 627 968 te
640 907 711 966 votis
725 913 849 968 manent.

320 989 438 1066 Ingrata
451 991 554 1048 misero
567 989 625 1049 vita
638 987 771 1046 ducenda
784 996 838 1058 est,
852 985 883 1047 in
897 985 963 1058 hoe,

320 1067 411 1127 Novis
424 1080 457 1128 ut
470 1087 558 1144 usque
572 1077 704 1143 suppetas
718 1067 871 1126 doloribus.

320 1147 409 1224 Optat
421 1148 545 1223 quietem
560 1147 673 1222 Pelopis
687 1145 790 1206 infidus
803 1155 892 1221 puter,

320 1229 417 1302 Egens
431 1227 563 1302 benignae
575 1223 716 1284 Tantalus
729 1243 839 1298 semper
850 1223 947 1298 dapis3
1068 1227 1071 1235 ’

319 1307 409 1380 Optat
422 1305 608 1362 Prometheus
621 1302 761 1376 obligatus
775 1301 849 1360 aliti:

318 1384 552 1460 Optat'supremo
565 1380 704 1438 collocare
719 1381 857 1456 Sisyphus

319 1462 356 1520 In
370 1471 466 1521 monte
479 1477 595 1518 saxum:
616 1460 667 1516 sed
680 1470 776 1517 vetant
788 1459 867 1536 leges
880 1458 968 1518 Jovis.

320 1542 407 1600 Voles
421 1537 506 1597 modi)
521 1539 585 1596 altis
599 1538 712 1596 desilire
726 1539 860 1610 turribus,

320 1618 410 1678 Modti
424 1637 493 1677 ense
507 1627 608 1694 peetus
620 1617 730 1676 Norico
743 1617 890 1676 recludere
902 1637 909 1688 ;

319 1695 494 1773 Frustrique
507 1696 601 1754 vinela
614 1697 721 1772 gutturi
733 1707 833 1759 nectes
845 1707 905 1769 tuo,

319 1777 480 1836 Fastidiosi
494 1776 580 1834 tristis
594 1773 768 1852 aegrimonii.
1002 1831 1005 1836 ,

320 1857 462 1914 Vectabor
476 1855 602 1913 humeris
616 1866 686 1913 tune
699 1874 753 1930 ego
764 1853 889 1914 inimicis
902 1872 999 1933 eques,

319 1933 450 2010 Meaeque
463 1947 538 1992 terra
552 1935 635 1992 nedet
649 1933 816 1992 insolentie.

318 2015 377 2084 An,
391 2032 454 2089 que
467 2031 580 2071 movere
593 2031 691 2070 cereas
704 2013 845 2089 imagines
951 2071 955 2076 ,

320 2091 372 2168 (Ut
386 2093 445 2167 ipse
459 2091 535 2149 misti
549 2091 704 2169 curiosus),
717 2100 746 2149 et
759 2091 826 2167 polo

223 2197 225 2200 ·
318 2169 456 2244 Deripere
470 2158 583 2226 Lunam
596 2169 713 2226 vocibus
726 2171 832 2244 possim
845 2170 928 2240 meis,

318 2246 428 2304 Possim
442 2257 581 2304 crematos
594 2247 719 2308 excitare
732 2257 868 2319 mortuos,

317 2323 506 2399 Desiderique
519 2335 677 2400 temperare
690 2325 835 2402 poculum,

317 2403 430 2464 Plorem
445 2404 512 2463 artis
525 2404 556 2464 in
569 2414 598 2462 te
611 2405 652 2464 nil
666 2404 796 2464 habentis
810 2404 939 2464 exitumt
