2706 4362
536 302 743 355 snTIRARUM
760 302 826 356 LIB·
843 303 865 358 Ι,

241 447 384 508 Indormis
397 447 520 518 inhians,
535 456 564 504 ct
576 457 711 522 tanquam
726 441 843 522 parcere
857 447 946 508 sacris

243 527 372 604 Cogeris,
387 536 435 584 aut
447 523 532 602 pictis
545 535 680 600 tanquam
694 527 820 602 gaudere
834 525 953 590 tabellis.

241 605 345 664 Nescis
358 624 414 681 quo
427 603 518 662 valeat
531 623 674 677 nummus,
689 623 773 680 quern
787 604 911 680 prebeat
924 604 1027 663 usuml

194 727 202 736 1
240 684 327 759 Panis
340 695 461 757 ematur,
471 683 545 756 olus,
559 683 618 744 vini
631 684 784 746 restanus:
806 684 890 756 adde,

239 763 334 826 Queis
349 765 474 821 humana
487 763 539 824 albi
555 763 649 822 doleat
663 774 764 826 natum
777 763 895 839 negatis.

239 842 290 900 An
305 843 420 918 vigilare
434 852 512 904 motu
525 841 696 916 exanimem,
710 853 863 918 noctesque
878 841 995 917 diesque

240 921 408 979 Formidare
422 921 511 981 malos
525 921 610 994 fures,
625 921 767 994 incendia,
782 939 886 994 servos,

240 998 289 1057 Nc
303 1011 332 1058 te
346 999 500 1076 compilant
514 1000 664 1076 fugientes,
678 1000 733 1058 hoc
743 1001 841 1077 juvatl
862 1001 962 1056 horum

242 1079 361 1154 Semper
376 1097 430 1154 ego
443 1079 563 1154 optarim
577 1081 772 1154 pauperrimus
785 1097 848 1135 esse
861 1078 1048 1136 bonorum.—

242 1158 293 1231 At,
308 1158 332 1214 si
344 1157 494 1218 condoluit,
504 1168 642 1216 tentatum
658 1158 760 1233 frigore
775 1175 887 1232 corpus,

241 1236 302 1294 Ant
316 1237 388 1294 alius
399 1255 482 1294 casus
495 1237 571 1294 lecto
586 1247 613 1294 te
630 1236 727 1310 affixit,
742 1237 830 1298 habes
844 1237 892 1311 qui

240 1315 384 1387 Assideat,
399 1315 524 1380 fomenta
534 1326 623 1392 paret,
638 1316 782 1372 medicum
797 1325 886 1390 roget,
901 1325 933 1371 nt
945 1324 974 1370 te

241 1395 375 1466 Suscitet,
387 1413 421 1452 ac
435 1396 536 1452 reddat
548 1395 623 1454 nat-is
636 1395 764 1470 carisque
778 1393 942 1472 propinquis
949 1395 999 1450 l·-

239 1473 308 1532 Non
323 1494 392 1531 uxor
406 1473 514 1530 salvum
528 1484 556 1530 te
570 1474 639 1546 vult,
653 1493 710 1534 non
724 1474 816 1535 filius:
836 1491 938 1536 ornnes

240 1553 338 1610 Vicini
351 1553 483 1625 oderunt,
497 1553 567 1626 uoti,
582 1553 662 1628 pueri
676 1564 759 1628 atque
773 1553 883 1628 puellae.

240 1629 365 1703 Miraris,
378 1651 466 1707 quum
479 1643 511 1690 tu
525 1643 643 1708 argento
656 1645 718 1708 post
731 1633 828 1692 omnia
841 1651 940 1707 ponar,

241 1712 273 1768 Si
287 1730 373 1767 nemo
385 1721 508 1785 praestet,
522 1730 607 1784 quem
620 1731 678 1770 non
693 1712 838 1782 merearis,
852 1711 998 1772 amaranti

242 1789 302 1860 An,
317 1789 341 1844 si
355 1799 500 1862 cognatos;
515 1789 593 1847 nullo
606 1801 707 1846 natura
721 1789 816 1849 labore

240 1867 326 1928 Quos
339 1867 391 1924 tibi
405 1868 462 1938 dat,
476 1866 600 1926 retinere
614 1867 692 1940 velis,
707 1885 874 1942 servareque
888 1866 1005 1938 arnicos,

241 1945 346 2002 Infelix
358 1964 472 2020 operam
486 1947 598 2022 perdas,
613 1956 644 2004 nt
658 1946 758 2021 siquis
772 1945 890 2008 asellum

240 2023 277 2081 In
292 2043 393 2100 campo
406 2025 508 2085 doceat
522 2037 669 2100 parentem
682 2045 797 2086 currere
811 2025 926 2084 fraenisl

239 2102 371 2178 Denique
385 2104 421 2160 sit
435 2104 500 2162 finis
513 2105 678 2180 quaerendi3
698 2123 809 2182 quoque
824 2106 929 2164 habeas
939 2103 1012 2180 ptus,

238 2181 406 2258 Pauperiem
417 2193 527 2242 metuas
541 2181 647 2256 minda,
661 2195 690 2242 et
703 2184 785 2242 finire
798 2183 925 2246 laborem

239 2259 374 2336 Incipias,
388 2272 467 2336 parto
481 2263 555 2336 quod
570 2263 689 2332 avebas3
711 2283 748 2322 ue
763 2263 851 2325 facias
863 2265 939 2338 quod

238 2338 399 2396 Ummidius
411 2341 537 2413 quidam,
551 2359 609 2397 non
620 2341 705 2415 longa
718 2351 762 2397 est
776 2342 880 2413 fabula,
894 2343 973 2398 dives

237 2417 276 2475 Ut
289 2418 435 2475 metiretur
449 2436 599 2486 nummos;
621 2419 661 2475 ita
674 2419 814 2490 sordidus,
828 2430 860 2476 ut
873 2439 903 2476 se

237 2495 306 2554 Non
323 2515 446 2570 unquam
460 2515 540 2553 servo
553 2494 657 2554 melitis
671 2496 784 2556 vestiret
792 2517 800 2567 ;
822 2499 858 2556 ad
873 2515 962 2574 nsque

238 2575 410 2652 Supremam
424 2585 545 2650 tempus,
561 2593 599 2632 ne
610 2595 641 2644 se
654 2577 773 2651 penuria
784 2576 876 2636 victus
992 2633 995 2642 ,

236 2653 426 2730 Opprimeret,
441 2655 593 2714 metuebat.
629 2655 670 2712 At
684 2657 761 2716 hunc
774 2657 875 2714 liberta
888 2657 981 2716 securi

237 2731 340 2790 Divisit
354 2734 490 2805 medium,
505 2734 657 2792 fortissima
670 2733 952 2810 Tyndaridarum-
1131 2738 1188 2795 100

236 2811 319 2873 Quid
332 2810 372 2868 mi
387 2812 472 2886 igitur
486 2813 608 2870 auadesl
629 2823 661 2868 nt
674 2814 765 2870 vivam
780 2813 916 2872 Naeviusl
936 2823 985 2874 aut
998 2815 1041 2872 sic

237 2889 277 2947 Ut
290 2888 491 2945 Nomentanus
498 2890 650 2964 l-Pergis
663 2892 820 2966 pugnantis
833 2911 931 2950 secum

237 2966 392 3025 Frontibus
406 2967 529 3022 adversis
543 2971 733 3043 componerel
765 2969 834 3028 Non
849 2989 912 3046 ego,
927 2989 1043 3028 avarum

236 3044 339 3108 Quum
354 3055 416 3102 veto
430 3056 457 3102 te
472 3043 542 3117 fieri,
556 3064 675 3121 vappam
686 3047 773 3121 jubeo
787 3067 821 3106 ac
835 3049 1015 3108 nebulonem.

238 3125 378 3184 Estinter
392 3122 518 3182 Tanaim
530 3124 665 3200 quiddam
679 3143 865 3202 socerumque
879 3125 990 3184 Viselli.
1132 3129 1188 3186 105

236 3204 289 3263 Est
302 3205 404 3262 modus
417 3204 448 3261 in
461 3203 556 3277 rebus,
570 3215 637 3261 sunt
650 3204 720 3262 certi
733 3205 856 3282 denique
869 3204 951 3275 fines,

236 3283 321 3347 Quos
335 3284 407 3342 ultra
421 3283 548 3359 citraque
561 3284 660 3359 nequit
673 3283 828 3343 consistere
842 3294 962 3344 rectum.

276 3363 361 3437 Illuc,
375 3365 452 3422 unde
467 3363 534 3436 abii,
549 3365 642 3422 redeo.
677 3364 801 3423 Nemon'
817 3376 848 3423 ut
862 3383 962 3422 avarus

238 3444 276 3501 Se
289 3445 397 3540 probet,
412 3454 440 3502 at
454 3443 548 3520 potids
561 3443 658 3503 laudet
672 3445 783 3504 diversa
795 3445 967 3521 sequentesl

186 3553 190 3564 ·
236 3521 382 3597 Quodque
396 3524 490 3580 aliena
503 3523 612 3598 capella
624 3535 705 3599 gerat
718 3524 869 3582 distentius
882 3523 962 3597 uber,
1130 3526 1186 3586 110

238 3599 402 3656 Tabesoatt
423 3620 516 3676 neque
527 3611 557 3658 s'e
572 3602 671 3678 maj'ori
684 3603 885 3678 pauperiorum

237 3677 345 3734 Turbae
359 3681 521 3753 comparetl
543 3681 620 3738 hunc
635 3692 719 3756 atque
733 3681 810 3738 hunc
824 3701 956 3758 superare
970 3681 1099 3742 laborett

238 3757 289 3813 Sic
303 3755 446 3814 festinanti
460 3777 570 3834 semper
583 3759 750 3834 locupletior
763 3760 872 3820 obstat:

236 3834 284 3910 Ut,
298 3851 386 3912 quum
400 3837 561 3896 carceribus
575 3838 675 3896 missos
688 3839 761 3916 rapit
771 3841 878 3918 ungula
891 3861 1000 3915 currus,
