2704 4362
174 337 231 401 tto
462 399 470 408 ,
492 337 523 394 o.
542 329 687 384 nonsart
705 329 829 382 anneot

212 481 277 542 Nec
290 477 381 558 magis
392 481 517 556 expressi
530 479 623 536 vultus
636 495 687 554 per
698 481 790 536 aenea
802 478 884 552 rigna

212 559 310 623 Quum
326 579 374 637 per
388 560 458 616 vatis
471 577 543 634 opus
553 577 646 614 mores
660 557 802 630 animique
813 555 937 613 virorum

213 641 361 698 Clarorum
377 648 520 714 apparent.
563 636 628 692 Nec
642 653 789 692 sermones
799 653 854 710 ego
867 634 981 690 mallem
1101 636 1163 694 25⁰

213 719 361 795 Repentes
375 737 424 793 per
439 718 567 787 humum,
582 712 667 790 quam
681 733 727 770 res
741 731 911 789 componere
924 723 1028 789 gestas,
1056 735 1058 740 ’

213 799 424 870 Terrarumque
439 796 509 852 situs
522 806 551 851 et
564 793 682 850 flumina
695 793 800 864 dicere,
815 803 844 849 et
857 810 938 849 arces

214 876 362 934 Montibus
375 875 529 950 impositas,
544 883 572 929 et
587 871 705 928 barbara
718 889 816 948 regna,
830 872 942 946 tuisque

215 954 361 1030 Auspiciis
374 965 463 1010 toturn
477 953 608 1010 confecta
622 949 716 1007 duella
729 969 779 1026 per
792 949 900 1022 orbem,

214 1034 401 1106 Claustraque
414 1032 561 1088 custodem
575 1030 655 1104 pacis
668 1029 832 1086 cohibentia
845 1028 962 1100 Janum,
1043 1063 1047 1069 ·
1099 1030 1161 1088 255

214 1112 252 1169 Et
266 1111 444 1170 formidatam
459 1109 570 1166 Parthis
583 1117 611 1165 te
624 1109 752 1184 principe
767 1108 907 1177 Romam;
966 1137 968 1142 .

215 1191 256 1262 Si,
271 1201 408 1265 quantum
422 1207 566 1264 cuperem,
580 1206 691 1263 possem
704 1205 831 1261 quoque:
853 1188 904 1243 sed
918 1205 1010 1262 neque
1022 1203 1140 1262 parrum

214 1270 339 1326 Carmen
353 1269 484 1344 majestas
498 1267 597 1342 recipit
610 1276 668 1336 tua,
682 1283 737 1325 nec
751 1285 831 1324 meus
844 1266 930 1336 audet

213 1347 289 1404 Rem
304 1358 412 1404 tentare
427 1346 525 1422 pudor,
539 1363 622 1419 quarn
637 1345 709 1401 vires
723 1346 795 1403 ferre
808 1355 948 1404 recusent.

214 1426 358 1483 Sednlitas
371 1435 477 1494 autern,
490 1423 574 1480 stulte
589 1443 672 1498 quem
687 1424 788 1500 diligit,
803 1435 895 1500 urget,
1100 1424 1159 1483 26⁰

214 1501 361 1580 Praecipue
376 1523 462 1578 quum
477 1523 507 1559 se
522 1503 647 1558 numeris
661 1505 843 1560 commendat
856 1515 884 1560 et
898 1513 975 1560 arte:

213 1583 306 1641 Discit
320 1584 396 1639 enim
410 1580 495 1639 citiirs
510 1582 693 1657 meminitque
707 1580 842 1639 libentius
853 1579 924 1639 illud

212 1662 301 1723 Quod
314 1661 377 1736 quis
391 1661 510 1732 deridet,
524 1658 609 1734 qudm
623 1661 698 1735 quod
712 1661 811 1736 probat
824 1672 853 1718 et
867 1670 1022 1718 veneratur.

214 1739 265 1797 Nil
280 1760 372 1798 moror
385 1740 510 1797 officium
524 1740 599 1813 quod
614 1759 658 1796 me
673 1749 785 1815 gravat:
808 1759 841 1796 ac
855 1759 947 1815 neque
961 1739 1030 1796 ficto

214 1819 254 1876 In'
263 1819 343 1895 pejus
356 1819 434 1875 vultu
447 1819 564 1894 proponi
578 1837 677 1875 cereus
691 1837 819 1893 usquam,
1100 1818 1159 1876 265

214 1897 279 1954 Nec
292 1894 377 1974 prave
393 1898 474 1954 factis
488 1898 616 1954 decorari
628 1898 753 1954 versibus
766 1908 849 1972 opt03

214 1975 261 2034 Ne
276 1977 390 2034 rubeam
404 1976 502 2052 pingui
517 1976 637 2033 donatus
651 1995 778 2048 munere,
793 1987 821 2032 et
835 1977 892 2034 und

214 2055 290 2111 Cum
304 2057 439 2130 scriptore
453 2074 526 2124 meo,
541 2058 627 2130 capsa
641 2067 787 2131 porrectus
801 2055 908 2130 apertis,

214 2133 333 2191 Deserat
347 2134 376 2190 in
390 2134 484 2190 vicum
499 2135 669 2194 vendentem
683 2136 748 2192 thus
761 2145 790 2190 et
803 2135 914 2206 odores,

214 2209 251 2268 Et
264 2212 353 2287 piper,
367 2223 397 2269 et
409 2212 544 2286 quidquid
558 2213 664 2269 chartis
676 2214 806 2270 amicitur
820 2213 932 2289 ineptis.
1100 2213 1163 2276 270.

540 2529 742 2587 EPISTOLA
758 2530 798 2587 II.

501 2666 541 2704 Ab
561 2667 670 2706 JULIUM
691 2667 816 2708 FLORUM·

216 2767 329 2839 Frons,
343 2767 418 2826 bono
432 2768 563 2843 claroque
577 2768 668 2826 tidelis
682 2769 773 2825 amice
788 2767 907 2842 Neroni,

216 2847 246 2904 Si
261 2847 323 2922 quis
337 2846 407 2904 forte
419 2848 485 2905 velit
498 2867 617 2922 puerum
631 2847 682 2904 tibi
695 2848 827 2919 vendere,
842 2859 941 2905 natum

213 2925 323 2983 Tibure
337 2926 380 2982 vel
394 2927 502 2997 Gabiis,
513 2938 542 2983 et
555 2937 649 2983 tecum
665 2928 707 2983 sic
720 2937 801 3003 aget:
823 2931 840 2958 ‘⁴
852 2927 919 3000 Hic,
934 2938 963 2986 et

213 3005 361 3062 Candidus
375 3015 403 3061 et
415 3003 488 3062 talos
501 3024 518 3061 a
532 3007 636 3063 vertice
650 3007 769 3080 pulcher
783 3007 818 3062 ad
833 3007 913 3078 imos,

213 3083 277 3141 Fiet
290 3083 397 3159 eritque
411 3094 476 3140 tuus
489 3102 670 3142 nummorum
684 3085 808 3141 millibus
820 3096 894 3157 octo,

213 3162 310 3220 Verna
324 3163 488 3220 ministeriis
503 3163 538 3220 sd
553 3175 639 3220 nutus
653 3175 734 3238 aptus
748 3164 859 3236 heriles,

213 3241 357 3298 Litterulis
367 3241 476 3298 Graecis
489 3241 624 3312 imbutus,
636 3242 755 3299 idoneus
769 3245 822 3300 arti

212 3319 353 3388 Cuilibct;
375 3320 473 3395 argillis
486 3320 596 3396 quidvis
611 3321 765 3378 imitaberis
779 3321 852 3378 uus:

211 3397 393 3458 Quinetiam
407 3410 490 3456 canet
503 3399 660 3469 indoctum,
675 3400 724 3456 sed
735 3398 831 3472 dulce,
847 3401 965 3462 bibenti.

213 3473 306 3532 Multa
319 3477 404 3534 fidem
415 3478 552 3553 promissa
565 3476 668 3549 levant,
683 3478 731 3534 ubi
746 3477 857 3553 pleniirs
871 3497 951 3554 mquo
1122 3481 1159 3538 1⁰

214 3551 324 3612 Laudat
338 3557 460 3628 venales,
475 3558 522 3632 qui
536 3557 595 3613 vult
607 3557 766 3629 extrudere,
782 3577 898 3614 merces.

203 3628 275 3686 'Res
288 3644 370 3708 urget
383 3653 428 3690 me
443 3636 529 3707 nulla,
544 3654 608 3692 meo
622 3653 684 3709 sum
698 3655 804 3711 pauper
819 3636 849 3692 in
863 3655 936 3692 aere:

212 3707 307 3765 Nemo
321 3711 374 3766 hoc
388 3731 561 3787 mangonum
576 3715 682 3771 laceret
694 3715 764 3772 tibi:
786 3732 842 3770 nou
857 3712 965 3772 temere
980 3733 998 3772 a
1011 3733 1057 3774 me

211 3785 316 3847 Quiris
330 3787 413 3844 ferret
427 3790 519 3847 idern:
540 3793 627 3848 semel
641 3794 689 3849 hic
703 3793 832 3864 cessavit,
846 3803 884 3866 et,
899 3803 931 3850 nt
943 3793 984 3866 fit,

212 3863 248 3920 In
261 3864 345 3921 scalis
358 3863 439 3921 latuit
451 3879 582 3924 metuens
594 3872 744 3942 pendentis
758 3871 884 3929 habenae.
1121 3873 1160 3930 15
