2706 4362
737 48 749 83 Ι

163 298 218 364 m
486 296 519 351 o.
537 291 683 342 ananan
700 289 826 339 rancor

197 442 349 518 Desipiant
359 449 464 498 eninm
474 433 554 512 aqud
569 449 604 493 aa
617 445 659 507 ta,
672 433 724 509 qut
733 429 786 490 tibi
799 440 909 491 nomen

198 522 305 580 Insano
318 517 448 596 posuere.
482 514 571 575 Velut
584 513 671 585 silvis,
686 511 735 569 ubi
748 510 854 586 passim

199 599 333 658 Palantes
346 615 422 654 error
436 607 515 653 oerto
529 595 565 651 de
579 591 692 651 tramite
704 589 794 666 pellit,

199 679 251 737 Ille
266 677 467 746 sinistrorsum,
482 674 530 731 bio
545 673 721 735 dextrorsum
736 669 811 738 abit;
833 685 908 742 unus
921 665 1034 743 utrique
1113 671 1155 728 50

199 757 294 827 Error,
309 754 360 812 sed
375 753 462 828 variis
473 752 566 810 illudit
576 751 721 827 partibus:
744 749 799 804 boe
812 757 841 804 te

199 836 293 893 Crede
307 835 392 890 modo
406 834 549 903 insanum,
563 829 653 888 nihilo
667 838 698 885 ut
710 825 864 902 sapientior
877 823 935 895 ille,

197 914 259 975 Qui
273 924 301 970 te
315 911 560 986 deridet‚oaudam
573 911 674 967 trabat.
709 905 762 964 Est
773 919 868 980 genus
879 920 970 960 rmum

199 993 340 1062 Stultitia,
355 991 476 1047 nihilum
490 988 644 1047 metuenda
656 984 798 1053 timentis;
820 994 851 1040 ut
865 983 956 1058 ignes,

198 1071 237 1128 Ut
250 1089 344 1145 rupes,
358 1069 512 1144 fluviosque
526 1069 557 1125 in
571 1083 673 1142 eampo
686 1065 797 1122 obstare
810 1072 960 1147 queratur:
1112 1065 1152 1123 55

199 1150 329 1207 Alterum
344 1159 373 1205 et
387 1147 453 1206 huie
467 1147 585 1219 varium,
599 1157 629 1205 et
643 1143 733 1202 nihilo
746 1142 912 1218 sapientius,
926 1141 1009 1216 ignee

198 1228 254 1286 Per
268 1227 379 1284 medios
390 1225 545 1301 fluviosque
560 1225 677 1283 ruentis.
712 1223 825 1280 Clamet
838 1221 932 1278 amioa

199 1305 302 1378 Mater,
318 1307 439 1363 bonasus
453 1323 539 1376 soror,
553 1323 620 1362 oum
634 1301 772 1378 cognatis,
786 1311 875 1376 pater,
891 1315 979 1356 uxor:

200 1391 207 1416 ‘
223 1385 282 1443 Hie
297 1385 370 1442 fossa
383 1395 426 1441 est
439 1385 541 1459 ingens
553 1384 559 1440 l
581 1381 630 1440 hio
643 1397 728 1456 rupes
741 1380 880 1437 maxima!
902 1397 983 1436 serva
994 1379 1010 1435 l’

198 1463 265 1522 Non
280 1461 370 1538 magis
384 1463 514 1534 audierit,
528 1459 613 1537 quiam
624 1457 732 1516 Fusius
746 1459 842 1516 ebrius
854 1459 932 1529 olim,
1112 1461 1151 1518 60

198 1543 298 1604 Quum
313 1542 433 1600 Ilionam
448 1541 578 1611 edormit,
593 1537 722 1596 Catienis
735 1537 812 1594 mille
827 1535 968 1608 ducentis,

199 1621 322 1692 ‘Mater,
333 1634 360 1678 te
375 1621 502 1697 appello‚'
518 1617 715 1676 clamantibus·
750 1617 829 1674 Huic
839 1636 894 1693 ego
907 1618 1021 1690 vulgum

199 1699 295 1758 Errori
310 1700 430 1757 similem
445 1709 581 1756 cunctum
597 1696 721 1754 insanire
734 1696 852 1772 docebo.

199 1778 310 1837 Insanit
324 1790 431 1836 veteres
445 1789 551 1834 statuas
566 1775 756 1852 Damasippus
769 1775 899 1832 emendo.

199 1856 316 1932 Integer
329 1869 373 1914 est
387 1857 490 1913 mentis
503 1855 670 1930 Damasippi
684 1853 825 1911 creditori
859 1853 944 1910 Esto:
1108 1855 1148 1912 65

200 1941 207 1965 ‘
224 1937 333 2010 Aoalpe
344 1937 419 2010 quod
435 1952 580 2010 nunquam
595 1933 697 1991 reddas
710 1933 798 2004 mihi,’
814 1933 838 1990 si
852 1932 903 1988 tibi
918 1932 1012 1990 dicam
1021 1951 1029 2002 ;

131 2042 136 2050 ·
199 2013 286 2069 Tune
301 2015 418 2071 insanus
431 2015 487 2071 eris
501 2015 525 2070 si
539 2012 693 2088 aeaeperis‚
708 2031 746 2068 an
760 2007 851 2086 magis
865 2014 965 2068 exoors

199 2091 322 2166 Rejeotd
335 2094 431 2167 praedd
444 2111 529 2168 quam
543 2109 668 2167 praesens
682 2089 845 2148 Mercurius
860 2090 933 2147 farti

200 2170 300 2226 Scribe
313 2171 413 2226 deoem
428 2191 445 2226 a
458 2171 566 2228 Nerio:
587 2189 645 2227 non
659 2179 702 2226 est
716 2166 800 2237 satls;
823 2167 897 2226 adde
911 2168 1026 2228 Cicuta

199 2246 308 2304 Nodosi
322 2248 431 2305 tabulas
445 2259 578 2316 eentum3
600 2249 677 2304 mille
692 2249 765 2304 adde
779 2259 912 2305 catenas:
1110 2248 1148 2305 70

200 2326 326 2400 Effugiet
338 2337 434 2384 tamen
449 2327 510 2383 hmo
525 2327 678 2384 seeleratus
693 2325 805 2383 vincula
819 2327 945 2384 Proteus.

198 2404 298 2466 Quum
314 2406 405 2481 rapies
419 2407 448 2462 in
460 2406 507 2482 jus
521 2406 603 2463 malis
618 2407 756 2463 ridentem
772 2406 881 2477 alienis,

199 2482 264 2540 Fiet
279 2503 354 2559 aper,
369 2482 454 2542 modd
468 2486 536 2556 avis,
550 2483 635 2543 modd
650 2502 760 2556 saxum,
773 2495 812 2557 et,
824 2503 910 2560 quum
921 2485 1003 2554 volet,
1017 2483 1106 2542 arbor.

200 2562 232 2619 Si
246 2560 320 2618 male
336 2581 395 2619 rem
409 2582 508 2658 gerere
523 2565 615 2621 insani
629 2573 688 2632 est;
710 2561 810 2621 eontra
825 2564 909 2634 bene,
924 2563 1002 2620 sani:

198 2639 329 2696 Putidius
343 2641 432 2696 multo
447 2641 596 2698 cerebrum
610 2653 662 2713 est,
678 2642 747 2698 mibi
762 2643 856 2714 erede,
871 2641 979 2713 Perilli,
1109 2642 1147 2698 75

198 2717 340 2776 Diotantis
353 2719 427 2795 quod
441 2731 473 2777 tu
486 2739 632 2795 nunquam
645 2720 801 2777 rescribere
812 2721 910 2796 possis.

198 2798 317 2868 Audire,
332 2809 414 2873 atque
428 2809 523 2874 togam
535 2799 622 2874 jubeo
636 2817 817 2874 componere,
831 2800 957 2875 quisquis

198 2875 362 2933 Ambitione
376 2879 452 2934 mala
466 2889 514 2935 aut
528 2879 637 2954 argenti
651 2879 739 2954 pallet
752 2897 856 2951 amore,

195 2954 335 3030 Quisquis
349 2956 469 3026 luxuriis,
483 2957 590 3014 tristive
605 2958 812 3032 superstitione,

196 3033 258 3090 Aut
271 3034 326 3091 alio
339 3036 442 3092 mentis
457 3036 555 3092 morbo
568 3036 656 3106 ealet3
678 3037 735 3092 huo
748 3033 864 3112 propitia
878 3054 934 3109 me,
1107 3035 1147 3092 80

195 3111 273 3168 Dum
287 3114 376 3174 doceo
391 3113 516 3171 insanire
526 3133 635 3186 omnes,
647 3135 696 3172 vos
709 3115 809 3172 ordine
824 3115 908 3172 adite.
1067 3105 1073 3128 ³

195 3189 298 3247 Danda
312 3203 355 3248 est
369 3192 484 3249 ellebori
499 3190 589 3251 multd
604 3213 668 3270 pars
682 3193 805 3253 maxima
819 3193 927 3251 avaris:

194 3265 301 3326 Nescio
314 3289 351 3326 an
363 3271 530 3346 Anticyram
545 3273 615 3328 ratio
628 3272 683 3328 illis
696 3272 819 3329 destinet
831 3289 954 3329 omnem.

195 3345 333 3419 Haeredes
348 3349 460 3406 Staberi
475 3367 615 3406 summam
629 3348 758 3406 ineiddre
772 3351 917 3426 sepuloro:

193 3423 234 3479 Ni
248 3427 290 3481 sie
304 3427 448 3500 fecissent,
463 3429 649 3504 gladiatorum
664 3429 731 3484 dare
745 3441 862 3485 eentum
1105 3427 1144 3484 85

193 3498 328 3560 Damnati
341 3507 445 3581 populo
459 3507 546 3582 paria,
561 3516 644 3581 atque
658 3505 772 3581 epulum
788 3506 902 3564 arbitrio
916 3506 995 3580 Arri,

193 3575 342 3637 Frumenti
353 3596 491 3656 quantum
502 3586 582 3643 metit
596 3585 703 3642 Africa.
741 3585 807 3642 Sive
821 3605 875 3661 ego
888 3583 986 3661 prave,

193 3655 252 3712 Seu
265 3656 353 3730 reotd,
369 3662 422 3718 hoo
437 3662 521 3734 volui,
535 3683 572 3721 ne
587 3665 625 3721 sis
638 3676 754 3741 patruus
768 3665 855 3722 mihi!
898 3664 993 3722 Credo

193 3734 259 3791 Hoo
274 3737 385 3794 Staberi
398 3742 567 3813 prudentem
582 3745 708 3801 animum
722 3743 858 3801 vidisse..
871 3745 897 3802 .''
912 3749 931 3775 “
940 3744 1023 3806 Quid
1036 3760 1105 3820 ergo

194 3813 299 3884 Sensit,
313 3834 399 3888 quum
414 3835 554 3876 summam
567 3821 720 3896 patrimoni
734 3823 895 3900 insculpere
909 3841 979 3880 saxo
1104 3822 1143 3879 90
