2756 4366
558 337 760 391 CARMIN'UM
777 339 843 392 ΜΒ.
860 344 882 391 Ῑ.

626 559 711 620 ODE
731 561 816 621 XVI.

639 697 679 736 An
693 698 798 739 venum

264 785 406 871 Nonnisi,
420 796 506 870 Var'e,
520 787 604 856 sacis
616 787 673 856 rite
686 795 766 876 pride
779 794 884 856 severis
897 761 1027 860 alborem

263 880 351 938 Circa
364 879 432 938 mite
443 877 535 935 solum
548 876 677 950 Tiburis,
692 887 721 934 et
734 879 840 935 moenia
854 872 956 936 Catili:

264 958 357 1016 Siccis
370 958 467 1014 omnia
479 975 546 1012 nam
560 955 630 1015 dura
650 955 731 1015 Deus
744 958 903 1034 proposuit3
925 975 1018 1034 neque

263 1036 417 1096 Mordaces
431 1035 512 1092 aliter
526 1034 678 1110 diffugiunt
691 1034 904 1094 sollicitudines.

261 1115 339 1179 Quis
352 1125 416 1192 post
429 1115 495 1171 vina
507 1132 623 1191 gravem
638 1114 766 1173 militiam
780 1126 829 1170 aut
841 1116 1005 1191 pauperiem
1019 1119 1134 1192 crepatl
1194 1119 1214 1176 5

261 1195 339 1256 Quis
351 1213 410 1252 non
423 1203 451 1250 te
465 1189 570 1268 potiris,
585 1191 700 1248 Bacche
714 1203 804 1267 pater,
819 1203 912 1268 teque,
927 1194 1033 1252 decens
1047 1196 1167 1254 Venus?

263 1274 304 1332 At
317 1293 354 1331 ne
368 1273 430 1348 quis
443 1271 549 1329 modici
562 1270 701 1328 transiliat
715 1290 835 1328 munera
848 1271 954 1344 Liberi,

262 1353 425 1411 Centaurea
438 1360 535 1409 monet
548 1368 616 1407 cum
630 1349 759 1425 Lapithis
773 1350 834 1407 rixa
847 1370 932 1426 super
946 1370 1024 1410 mero

262 1431 411 1490 Debellata
419 1451 427 1500 ;
448 1439 546 1488 monet
560 1429 700 1488 Sithoniis
713 1448 772 1488 non
786 1429 856 1486 levis
870 1429 968 1504 Evius,

260 1511 362 1572 Quum
377 1510 418 1567 fas
431 1520 515 1585 atque
529 1509 610 1566 nefas
624 1509 727 1584 exiguo
742 1507 797 1566 fine
812 1509 963 1567 libidinum
1177 1511 1214 1570 10

261 1588 438 1647 Discernunt
451 1588 533 1646 avidi.
575 1586 644 1646 Non
657 1608 712 1664 ego
726 1598 763 1661 te,
779 1589 901 1645 candide
915 1588 1066 1664 Bassareu,

262 1669 387 1727 Invitum
400 1669 525 1744 quatiam
538 1687 544 1724 :
565 1687 621 1724 nec
634 1668 719 1724 variis
732 1667 825 1724 obsita
839 1665 986 1725 frondibus

263 1749 324 1805 Sub
338 1747 435 1804 divum
447 1748 563 1820 rapiam.
606 1747 688 1802 Saeva
701 1758 768 1802 tene
779 1765 846 1801 cum
860 1745 1051 1819 Berecynthio

262 1825 363 1882 Cornu
376 1834 519 1898 tympana,
534 1839 596 1897 quae
611 1823 789 1896 subsequitur
804 1839 898 1878 caecus
912 1823 1001 1879 Amor
1015 1823 1069 1895 sui,

262 1903 300 1961 Et
314 1903 415 1961 tollens
428 1920 549 1958 vacuum
563 1896 628 1976 plris
641 1899 731 1958 nimio
744 1899 842 1958 Gloria
855 1899 998 1973 verticem,
1177 1904 1213 1960 15

262 1982 428 2056 Arcanique
439 1978 525 2038 Fides
538 1978 666 2056 prodiga,
679 1978 850 2054 perlucidior
864 1979 942 2036 vitm.

596 2247 699 2352 'oon
719 2291 819 2352 xvir.
859 2361 867 2373 ,
887 2290 889 2294 ·

586 2431 626 2469 AD
647 2429 854 2470 MAEOENATEM.

379 2521 456 2590 Viri:
470 2529 580 2608 potabis
595 2517 715 2588 modicis
729 2529 867 2587 Sabinum

378 2610 540 2681 Cantharis,
554 2609 657 2667 Graecb
672 2609 746 2684 quod
761 2627 815 2686 ego
828 2610 887 2686 ipse
902 2611 975 2669 testib

377 2691 533 2749 Conditum
546 2689 611 2760 levi,
627 2689 710 2746 datus
723 2689 753 2745 in
767 2689 877 2747 theatro

536 2768 638 2830 Qu'um
652 2759 703 2825 tibl
717 2765 843 2843 plausus,

378 2849 452 2905 Care
467 2846 612 2903 Maeccnas
625 2865 722 2919 eques,
737 2856 768 2901 ut
781 2846 892 2921 paterni

377 2925 519 2982 Fluminis
532 2925 609 2999 ripae,
624 2923 707 2981 simul
722 2933 750 2981 et
760 2924 859 3001 jocosa

377 3004 524 3062 Redderet
537 3003 636 3060 laudes
650 3004 701 3062 tibi
715 3004 849 3064 Vaticani

535 3080 643 3139 Montis
657 3076 758 3157 imago.

377 3160 535 3218 Caecubum
550 3170 578 3215 et
591 3160 677 3234 praelo
691 3161 827 3216 domitam
842 3159 954 3217 Caleno

377 3241 427 3299 Tu
441 3238 521 3297 bibes
534 3255 634 3294 uvam:
656 3255 721 3292 mea
733 3255 789 3293 nec
803 3235 933 3295 Falerno

376 3320 553 3396 Temperaut
563 3316 636 3374 vites
649 3333 742 3391 neque
756 3314 902 3374 Formiani

455 3477 476 3535 2
534 3396 642 3456 Pocula
655 3395 750 3454 colles.
