2706 4362
507 301 714 352 santernum
731 301 797 351 LIB.
815 301 851 350 11.
867 303 892 350 3.

241 442 351 502 Verum
363 442 401 504 ob
414 443 564 501 consilium
578 443 686 502 donent
699 444 829 504 tonsorel
864 443 926 502 Sed
939 443 1017 502 unda

241 522 318 581 Tam
330 524 403 582 bene
417 541 463 580 me
476 521 573 580 ndstil

607 667 782 704 euasurus.

290 799 293 805 r
673 755 826 831 Postquam
840 755 934 814 omnis
946 775 992 813 res
1006 774 1071 815 mea
1083 754 1103 814 J
1104 777 1191 816 anum

240 837 288 893 Ad
302 833 430 892 medium
444 833 534 891 fracta
546 843 599 904 est,
614 833 711 902 aliena
717 835 832 910 negotia
845 854 924 907 curo,

240 904 386 971 Exdussus
398 912 527 989 propriis.
561 911 639 970 Olim
655 932 722 970 nam
736 933 861 988 quaerere
876 914 1006 972 amabam
1151 916 1190 974 20

239 993 309 1054 Quo
323 991 398 1048 vafer
412 992 459 1050 ille
471 992 560 1066 pedes
572 989 685 1048 lavisset
700 992 836 1066 Sisyphus
849 1011 914 1064 ere,

238 1069 322 1132 Quid
337 1070 479 1148 sculptum
493 1067 614 1142 infabre,
628 1069 697 1145 quid
712 1070 806 1127 firsum
820 1069 919 1128 durius
930 1084 1022 1142 csset3

242 1149 373 1207 Callidus
386 1150 454 1206 huic
464 1150 547 1225 signo
559 1149 700 1224 ponebam
714 1149 802 1206 millia
815 1159 931 1206 centum
943 1169 951 1219 ;

240 1227 346 1286 Hortos
359 1229 544 1306 egregiasque
559 1228 657 1285 domos
671 1227 824 1284 mercarier
838 1246 913 1290 unus

240 1307 316 1364 Cum
329 1308 408 1365 lucro
419 1305 537 1364 adram:
558 1306 635 1363 unde
650 1306 807 1381 frequentia
821 1305 993 1364 Mercuriale
1149 1307 1191 1364 25

241 1384 407 1462 Imposuere
422 1386 493 1444 mibi
506 1385 667 1462 'cognomen
682 1385 815 1461 compita.

622 1532 769 1566 HOBA'HUE·

243 1697 281 1758 Et
293 1696 384 1755 morbi
398 1696 483 1755 miror
497 1707 648 1772 purgatum
661 1706 690 1752 te
704 1695 787 1752 illius.
871 1617 963 1676 Now·

610 1841 786 1875 naussn’rus.

243 2007 357 2066 Emovit
370 2020 493 2066 veterem
506 2005 578 2066 mire
593 2026 692 2080 novus,
706 2018 738 2065 ut
752 2006 832 2079 solet,
847 1929 957 2066 ilpctqpr

242 2086 379 2162 Trajecto
392 2087 489 2145 lateris
502 2086 597 2145 miseri
613 2087 767 2162 capitisque
782 2086 877 2144 dolore
890 2106 896 2144 τ

241 2165 280 2224 Ut
293 2165 467 2242 lethargicus
480 2165 537 2236 bic,
551 2184 639 2241 quum
653 2166 684 2234 fit
696 2166 785 2241 pugil,
800 2176 829 2226 et
839 2165 983 2224 medicum
998 2177 1086 2242 urget.
1153 2167 1192 2226 30

622 2313 767 2346 nonarum.

241 2399 319 2458 Dum
331 2399 448 2476 nequid
462 2399 553 2457 simile
567 2399 645 2473 buic,
659 2409 720 2458 esto
734 2400 856 2460 utlibet

607 2545 783 2581 DAHASIPPUS·

871 2637 899 2694 Ο
914 2638 997 2711 bone,
1012 2658 1049 2697 ne
1063 2650 1092 2697 te

240 2713 403 2785 Frustrer03
425 2713 533 2772 insanis
547 2725 576 2771 et
588 2724 629 2786 tu,
644 2715 776 2790 stultique
789 2713 878 2790 prope
891 2735 1002 2789 omnes,

240 2793 274 2849 si
287 2796 353 2868 quid
370 2795 522 2852 Stertinius
536 2792 595 2849 veri
609 2804 706 2866 crepat
717 2813 724 2860 3
739 2793 816 2850 unde
827 2811 881 2868 ego
894 2795 967 2851 mira

240 2870 385 2946 Descripsi
400 2871 500 2927 docilis
513 2881 655 2943 praecepta
669 2870 740 2940 baec,
755 2881 882 2945 tempore
895 2889 952 2944 quo
965 2891 1011 2930 me

242 2949 355 3006 Solutus
366 2949 449 3023 jussit
463 2947 620 3020 sapientem
634 2964 750 3020 pascere
765 2946 890 3019 barbam,
1150 2952 1190 3008 35

241 3029 337 3103 Atque
351 3047 367 3084 e
382 3024 515 3083 Fabricio
529 3042 588 3079 uon
602 3022 710 3080 tristem
723 3035 809 3097 ponte
823 3026 932 3083 reverti.

240 3106 270 3164 N
272 3127 318 3164 am
333 3102 407 3163 male
422 3123 452 3160 re
466 3101 548 3178 gesti
561 3101 648 3174 quum
662 3100 764 3156 vellem
778 3103 888 3158 mittere
902 3115 1000 3179 operto

241 3185 291 3244 Me
305 3185 396 3262 capite
410 3181 572 3262 indumen,
586 3179 684 3236 dexter
698 3179 792 3236 stetit:
814 3190 852 3251 et,
873 3186 891 3210 “
903 3183 981 3238 Cave
994 3182 1066 3239 faxis

239 3267 286 3323 Te
300 3265 451 3341 quidquam
467 3259 634 3334 indignum3
655 3259 774 3333 pudor,''
790 3258 890 3333 inquit,
907 3265 963 3317 “te
983 3260 1074 3319 malus
1088 3274 1178 3338 urget,

240 3346 361 3403 Insanos
373 3341 421 3418 qui
431 3341 509 3398 inter
523 3357 636 3395 vereare
650 3337 768 3394 insanus
781 3338 887 3395 haberi.
1150 3341 1189 3399 40

239 3421 368 3482 Primum
382 3441 449 3479 nam
460 3417 600 3494 inquiram
614 3417 683 3492 ¹quid
697 3417 733 3480 sit
747 3417 857 3474 furere:
879 3419 934 3476 boc
947 3418 970 3474 si
985 3418 1039 3476 erit
1051 3418 1082 3478 in
1095 3430 1123 3478 te

242 3503 319 3573 Solo,
333 3501 373 3558 nil
388 3499 474 3570 verbi,
488 3517 589 3574 pereas
603 3498 671 3572 quin
686 3493 803 3568 sortiter,
818 3496 928 3553 addam.

240 3579 340 3642 Quem
353 3577 427 3636 mala
441 3577 559 3646 stultitia
572 3586 602 3634 et
613 3594 813 3651 quemcunque
825 3574 938 3632 inscitia
952 3575 1010 3640 seri

242 3658 360 3716 Caecum
375 3657 442 3734 agit,
457 3657 589 3722 insanum
604 3649 757 3729 Chrysippi
769 3653 894 3729 porticus
907 3664 936 3712 et
948 3673 1017 3730 grex

242 3737 390 3816 Autumat.
425 3734 497 3790 Haec
510 3734 638 3811 populos,
652 3734 714 3789 haec
728 3752 845 3808 magnos
860 3733 977 3792 formula
989 3753 1080 3810 reges,
1147 3735 1187 3791 45

242 3816 370 3891 Excepto
382 3814 616 3948 sapientaltlenet.
652 3811 741 3869 Nunc
754 3814 852 3888 accipe
865 3831 951 3886 quare
