2756 4366
399 673 449 765 Q.
490 671 769 748 nonnum
809 670 1052 789 rnssnccr

567 918 888 984 CARMINUM

591 1157 697 1205 LIBER
712 1154 870 1206 TERTIUS.

626 1563 710 1620 ODE
730 1563 754 1620 Ι.

388 1682 451 1739 Onr
464 1681 614 1756 profanum
627 1680 737 1756 vulgus,
751 1691 781 1738 et
794 1700 886 1738 eroeo.

392 1758 499 1815 Favete
512 1757 634 1832 linguis:
655 1759 782 1813 earmina
795 1777 853 1814 non
867 1755 945 1832 priris

433 1835 541 1892 Audita
554 1832 703 1890 Musarum
718 1834 849 1890 sacerdos

470 1911 638 1988 Virginibus
651 1911 800 1986 puerisque
812 1922 905 1970 oanto.

391 1992 507 2068 Regum
521 1991 711 2049 timendorum
726 1990 755 2046 in
769 1991 897 2066 proprios
908 2009 1019 2068 greges,

390 2071 490 2146 Reges
503 2071 533 2127 in
548 2069 623 2144 ipsos
637 2067 785 2144 imperium
800 2081 843 2126 est
856 2069 945 2142 Jovis,

431 2148 508 2206 Clari
521 2148 664 2222 Giganteo
677 2147 828 2223 triumpho,

467 2227 581 2283 Cuncta
595 2220 745 2301 supereriio
758 2227 905 2284 moventis.

389 2305 441 2363 Est
454 2317 485 2362 ut
498 2306 557 2362 viro
570 2305 611 2362 vir
625 2302 710 2364 latius
722 2304 835 2362 ordinet

389 2384 514 2441 Arbusta
528 2383 631 2451 sulcis3
652 2382 703 2442 hio,
714 2383 876 2456 generosior

348 2492 351 2500 ,
429 2460 594 2519 Desoendat
605 2459 637 2516 'in
652 2460 794 2534 Campum
806 2462 923 2536 petitor;

467 2537 598 2597 Moribus
613 2539 659 2598 hie
672 2539 827 2614 meliorque
841 2540 917 2598 samri
947 2576 949 2580 ·

389 2619 567 2687 contendam
590 2617 630 2675 ilii
642 2619 725 2675 turba
736 2618 885 2676 olientium

348 2709 351 2715 ’
388 2699 433 2754 Sit
446 2697 551 2772 majori
573 2698 654 2772 aequri
668 2697 731 2772 iege
745 2697 911 2755 Necessitas

360 2828 363 2839 ,
429 2776 552 2832 Sortitur
566 2777 694 2849 insignes
707 2786 736 2830 et
749 2776 836 2843 imos;

467 2852 565 2908 Omne
579 2871 669 2924 capax
682 2863 775 2908 movet
789 2870 859 2908 urna
873 2871 986 2914 nomeu.

391 2929 544 2986 Distriotus
556 2929 634 2990 ensis
647 2927 697 2985 eui
708 2947 792 3004 super
806 2930 894 3006 impiis

390 3007 510 3064 Cerviee
523 3007 638 3081 pendet,
651 3026 710 3064 non
725 3008 830 3066 Sioulae
845 3010 932 3083 dapes

430 3083 553 3142 Dnleem
566 3084 751 3142 elaborabunt
765 3105 911 3159 saporem;

469 3161 539 3219 Non
552 3162 647 3218 avium
661 3161 832 3234 eitharaeque
846 3173 948 3218 cantus

389 3245 530 3300 Somnum
544 3241 690 3296 redueent.
726 3239 850 3296 Somnus
863 3239 1017 3313 agrestium

390 3321 478 3380 Lenis
491 3321 613 3376 virorum
626 3337 685 3376 non
699 3318 821 3375 humiles
835 3319 933 3375 domos

430 3399 560 3470 Fastidit,
576 3400 771 3455 umbrosamne
785 3398 885 3474 ripam,

468 3477 536 3536 Non
551 3477 692 3552 Zephyris
706 3479 810 3553 agitata
824 3475 951 3550 Tempe:

391 3556 608 3614 Desiderantem
622 3557 696 3630 quod
711 3553 779 3613 satis
793 3567 845 3626 est,
859 3573 952 3630 neque

390 3635 612 3692 Tumultuos'um
627 3635 757 3690 sollicitat
771 3653 857 3704 mare,

431 3711 496 3771 Neo
510 3732 599 3770 saevus
613 3712 730 3770 Arcturi
744 3713 873 3770 cedentis

471 3790 607 3866 impetus,
622 3801 670 3846 aut
682 3791 797 3924 pluentis
811 3791 915 3849 Hoedi:
