2706 4362
473 357 720 412 umsnounnuu
738 357 804 408 cut.
822 361 843 408 1.
860 361 883 410 6.

534 581 738 640 EPISTOLA
758 577 812 639 VI.
873 583 875 588 ’

559 717 600 758 ΑΙ)
621 719 786 759 Nummum.

212 820 285 880 'Nm
299 819 433 878 admirari
445 816 535 894 propd
550 837 596 876 res
609 829 654 874 est
666 837 734 890 una,
748 817 877 890 Numici,

227 902 359 975 Solaque,
373 917 437 974 qun
450 897 539 972 possit
553 897 648 954 facere
662 907 691 954 et
704 915 817 953 servare
832 898 955 954 beatum.

227 980 316 1036 Hunc
327 977 415 1035 solem
428 987 457 1032 et
470 975 564 1033 stellas
577 985 606 1032 et
619 975 790 1032 decedentia
802 977 888 1033 certis

227 1058 373 1132 Tempora
385 1055 537 1112 momentis
552 1065 619 1111 suut
631 1053 679 1130 qui
693 1054 845 1111 formidine
858 1054 937 1112 nulli

228 1136 336 1193 Imbuti
351 1144 497 1210 spectent:
518 1133 585 1210 quid
597 1151 698 1190 censes
712 1151 831 1190 munera
844 1134 946 1190 terrael
1149 1135 1168 1191 5

226 1215 307 1276 Quid
321 1213 407 1270 maris
420 1223 560 1270 extremos
574 1212 685 1269 Arabas
699 1212 815 1268 ditantis
829 1223 858 1269 et
872 1211 980 1268 Indosl

226 1294 352 1352 Ludicra
364 1291 442 1367 quid,
456 1291 582 1367 plausus,
597 1302 626 1347 et
640 1291 725 1347 amici
740 1291 815 1349 dona
828 1289 972 1352 Quiritisl

225 1373 295 1435 Quo
308 1371 466 1447 spectanda
478 1371 572 1442 modo,
586 1389 642 1444 quo
656 1388 742 1426 sensu
756 1370 850 1426 credis
864 1381 893 1428 et
907 1371 977 1427 orel

225 1451 288 1513 Qui
302 1453 383 1508 timet
397 1450 441 1507 bis
454 1450 582 1521 adversa,
597 1447 656 1506 ferd
670 1449 788 1506 miratur
802 1450 912 1521 eodem,

225 1530 296 1592 Quo
309 1529 437 1606 cupiens,
451 1539 551 1603 pacto:
571 1547 656 1603 pavor
669 1539 714 1584 est
727 1528 874 1602 utrobique
886 1528 1036 1585 molestus:
1133 1528 1169 1584 10

226 1607 386 1683 Improvisa
399 1606 482 1664 simul
496 1607 607 1680 species
620 1616 743 1662 exterret
753 1617 913 1681 utrumque.

227 1687 369 1756 Gaudeat,
384 1703 421 1740 an
435 1685 543 1753 doleat;
564 1685 670 1758 cupiat,
684 1695 847 1752 metuatne;
867 1685 935 1758 quid
950 1685 1069 1755 adrem,

230 1765 273 1836 Si,
286 1763 422 1838 quidquid
436 1761 506 1818 vidit
518 1761 620 1818 melius
630 1761 744 1835 pejusve
757 1760 810 1816 sud
824 1779 884 1835 spe,

229 1842 339 1900 Defiais
352 1840 443 1898 oculis
456 1839 606 1913 animoque
620 1849 650 1894 et
662 1857 778 1914 corpore
792 1839 904 1914 torpetl

230 1921 331 1978 Insani
344 1919 458 1995 sapiens
471 1936 576 1975 nomen
591 1917 671 1989 ferat,
686 1935 782 1991 aequus
796 1916 896 1991 iniqui,
1134 1919 1172 1976 15

228 1997 310 2057 Ultrd
324 1996 410 2073 quam
424 1994 492 2054 satis
505 2007 549 2054 est
563 1997 694 2053 virtutem
708 1996 733 2052 si
746 2007 824 2070 petat
837 1996 935 2071 ipsam.

269 2079 284 2134 1
299 2095 387 2148 nunc,
402 2086 561 2152 argentum,
576 2085 605 2131 et
618 2094 739 2132 marmor
754 2086 844 2147 vetuS,
859 2093 979 2150 aeraque,
994 2086 1023 2132 et
1037 2086 1112 2133 artes

228 2157 366 2232 Suspice;
388 2173 454 2212 curn
468 2154 588 2229 gemmis
603 2153 707 2228 Tyrios
721 2154 823 2210 mirare
838 2153 965 2212 colores:

227 2236 329 2292 Gaude
342 2231 418 2309 qudd
432 2241 561 2308 spectant
574 2232 650 2290 oculi
663 2243 691 2288 te
705 2232 782 2289 mille
795 2232 974 2306 loquentem:

161 2365 163 2369 ,
227 2314 343 2371 Gnarus
356 2309 441 2370 manti
457 2313 548 2370 forum
562 2322 592 2369 et
605 2312 780 2386 vespertinus
793 2322 858 2386 pete
872 2322 998 2382 tectum,
1131 2313 1170 2370 20

227 2393 257 2450 N
259 2413 275 2449 e
288 2393 353 2468 plus
367 2392 499 2448 frumenti
514 2391 653 2448 dotalibus
667 2401 771 2448 emetat
785 2390 859 2465 agris

229 2471 327 2528 Mutus
339 2491 346 2540 ;
367 2481 406 2542 et,
417 2470 577 2545 iudignum,
592 2468 668 2545 qubd
683 2470 719 2526 sit
731 2469 873 2544 pejoribus
886 2480 974 2541 ortus,

230 2551 289 2607 Hic
302 2550 353 2606 tibi
368 2549 404 2606 sit
416 2546 511 2624 potiris
524 2547 610 2623 quam
624 2559 656 2605 tu
669 2548 806 2605 mirabilis
819 2547 868 2605 illi.

227 2629 378 2703 Quidquid
392 2629 446 2684 sub
459 2627 534 2686 terrai
548 2639 600 2700 est,
615 2627 645 2685 in
660 2628 786 2703 apricum
799 2626 922 2704 proferet
936 2639 1021 2698 aetas3

228 2707 362 2765 Desodiet
372 2708 530 2782 condetque
544 2708 673 2764 nitentia.
712 2707 813 2767 Quum
828 2706 1014 2763 benenatum

229 2786 359 2843 Porticus
373 2787 505 2860 Agrippae
519 2797 548 2842 et
561 2787 607 2840 via
620 2799 648 2840 te
662 2784 840 2858 conspexerit
853 2783 941 2858 Appi,

230 2864 277 2921 Ire
291 2874 386 2920 tamen
400 2873 487 2918 restat
501 2862 599 2917 Numa
612 2858 669 2933 qud
684 2859 797 2917 devenit
812 2870 840 2916 et
851 2862 960 2917 Ancus.

232 2942 263 2998 Si
277 2942 351 2997 latus
364 2951 412 2996 aut
426 2957 508 2995 renes
523 2939 620 2994 morbo
631 2949 775 2994 tentantur
790 2948 883 3009 acuto,

230 3020 338 3081 Quare
352 3017 447 3092 fugam
463 3015 560 3072 morbi.
602 3015 654 3079 Vis
668 3012 744 3070 recte
759 3015 871 3072 viveret
892 3017 954 3090 quis
968 3019 1044 3075 nonl

232 3100 264 3157 Si
279 3099 367 3155 virtus
382 3098 436 3153 hoc
447 3113 505 3151 una
518 3103 610 3168 potest
624 3094 701 3163 dare,
716 3093 793 3148 sortis
805 3094 916 3149 omissis

231 3179 297 3236 Hoc
311 3195 364 3252 age
378 3173 519 3233 deliciis..
538 3172 680 3228 Virtutem
693 3170 778 3226 verba
790 3180 881 3246 putes,
896 3182 927 3228 ut

161 3264 167 3323 ;“
174 3313 176 3322 ,
231 3259 342 3317 Lucum
357 3254 456 3331 lignal
477 3271 546 3309 cave
561 3269 597 3308 ne
611 3261 708 3326 portus
720 3260 841 3324 occupet
855 3249 935 3322 altar,

171 3362 174 3369 ·
231 3336 279 3393 Ne
293 3335 466 3413 Cibyratica,
480 3351 517 3389 ne
532 3330 654 3405 Bithyna
669 3329 783 3405 negotia
795 3329 905 3404 perdas.

233 3415 313 3472 Mille
327 3416 433 3473 talenta
445 3412 644 3481 rotundentur,
658 3409 776 3466 totidem
790 3409 894 3476 altera3
916 3405 999 3483 porro
1013 3417 1042 3465 et

232 3492 332 3550 Tertia
343 3493 508 3563 succedant,
521 3503 550 3547 et
563 3509 625 3565 quaa
638 3507 703 3564 pars
716 3489 834 3563 quadret
848 3504 988 3544 acervum.

234 3571 351 3629 Scilicet
365 3590 480 3628 uxorem
494 3587 561 3626 cum
575 3569 650 3639 dote,
664 3567 816 3641 fidemque,
830 3576 858 3622 et
873 3565 989 3638 amicos,

233 3650 272 3706 Et
285 3668 386 3724 genus,
400 3659 429 3706 et
442 3649 568 3719 sormam,
583 3648 682 3722 regina
695 3645 818 3720 pecunia
831 3645 932 3702 donat:

233 3730 280 3785 Ao
294 3730 367 3785 bena
381 3738 558 3784 nummatum
571 3727 687 3782 decorat
701 3723 824 3780 Suadela
837 3724 1000 3799 Venusque.

234 3805 388 3882 Mancipiis
401 3805 526 3879 locuples
539 3815 604 3880 eget
618 3803 681 3860 aris
695 3802 897 3878 Cappadocum
912 3822 977 3860 rex:

234 3886 280 3946 Ne
295 3886 381 3944 fueris
394 3884 442 3942 bic
452 3892 492 3940 tu.
532 3882 704 3957 chlamydes
718 3881 863 3955 Lucullus,
879 3892 910 3940 ut
925 3882 1015 3956 aiunt,
1105 3923 1108 3929 .
