2706 4362
166 297 223 358 tos
485 298 516 354 o.
534 297 681 346 noman
697 295 823 346 snsccr

202 439 325 512 Cotum,
338 459 398 498 non
411 440 549 512 animum,
563 449 684 513 mutant,
696 439 746 516 qui
758 449 837 498 mans
849 457 929 502 marc
941 453 1071 502 cormac

203 519 326 576 Strenua
338 537 391 577 nos
401 530 517 580 exercet
530 519 651 578 inertis:
671 518 791 576 navibus
800 529 885 594 etque

202 596 359 673 Quadrigis
371 597 494 674 petimus
507 599 582 656 benc
595 597 696 655 virere.
736 595 825 659 Quod
839 597 922 672 petis,
935 597 985 658 hto
997 610 1051 674 aa,

13 715 31 740 ,
121 700 123 706 ·
202 675 256 734 Est
270 675 395 749 Ulubris,
408 676 521 734 animus
534 677 558 736 si
571 687 600 734 ts
611 695 670 735 non
683 675 781 734 deficit
794 693 900 750 ιηιιιιι
1111 679 1151 738 8⁰

510 986 714 1048 nrrsrota
727 987 800 1046 xn.
901 957 905 968 '

566 1127 607 1166 st>
626 1125 740 1166 lcclffl.

201 1227 375 1287 ancnrnns
390 1229 525 1306 Agrippae
536 1225 652 1300 Siculis,
666 1245 736 1303 qnos
749 1226 870 1304 colligis,
884 1227 958 1303 Ioci,

201 1309 234 1365 Si
247 1305 325 1366 recte
338 1307 448 1379 frueris,
462 1327 520 1365 non
533 1318 577 1364 est
590 1317 622 1363 ut
634 1306 717 1382 copia
729 1305 819 1382 major

200 1386 249 1442 Ab
262 1386 332 1444 Jove
346 1385 447 1444 donari
460 1385 548 1462 possit
561 1385 629 1442 tibi:
649 1384 716 1442 tolle
729 1385 875 1460 querelam

199 1464 311 1541 Pauper
324 1465 401 1522 enim
415 1483 472 1523 non
486 1476 539 1536 est,
553 1463 601 1522 oui
614 1482 708 1522 rernm
722 1464 846 1540 suppetit
861 1483 938 1522 usus.

200 1543 232 1600 Si
246 1544 337 1601 ventri
348 1543 431 1616 bene,
445 1543 469 1601 si
482 1543 563 1601 lateri
576 1543 807 1619 estpedibusque
821 1543 888 1617 tuis,
901 1543 942 1602 nil
1125 1548 1146 1605 ὅ

199 1622 312 1679 Divitiae
326 1634 458 1698 poterunt
471 1623 580 1699 regales
593 1623 697 1680 addere
711 1621 809 1697 majus.

200 1701 232 1758 si
246 1699 316 1759 fond
328 1701 358 1778 ip
372 1701 466 1760 medio
478 1701 632 1778 positmurn
647 1701 800 1758 abstemius
814 1701 909 1759 herbis

198 1780 278 1837 Vivis
290 1791 319 1838 et
333 1780 433 1850 urticat,
448 1782 489 1838 sic
500 1780 576 1838 vives
588 1781 725 1856 protinus,
739 1791 771 1838 ut
783 1790 812 1838 te

198 1858 356 1916 Confestim
367 1859 490 1934 liquidus
503 1858 638 1918 Fortunae
651 1860 728 1917 rivus
740 1859 869 1916 inauret:

198 1937 252 1994 Vel
266 1939 332 2013 qnia
345 1948 474 1996 naturam
489 1949 599 1995 mutue
611 1937 734 2014 pecunia
748 1937 859 2008 nescit3
1108 1940 1145 2000 1⁰

197 2016 251 2072 Vel
266 2018 331 2092 quia
345 2028 451 2075 cuncta
463 2027 546 2094 putas
559 2017 617 2074 unii
631 2017 732 2075 virtute
745 2017 864 2074 minora.

197 2093 337 2152 Miramur
349 2095 373 2152 si
387 2095 542 2152 Democriti
556 2113 645 2171 pecus
659 2095 719 2152 edit
732 2095 838 2172 agellos

197 2172 347 2246 Cultaque,
361 2173 429 2228 dum
442 2170 561 2247 peregre
575 2183 618 2230 est
631 2174 743 2230 animus
756 2173 818 2230 sinc
831 2191 949 2248 corpore
959 2175 1054 2246 relox3
1155 2225 1158 2230 .

194 2249 296 2311 Quum
310 2260 351 2320 tu,
365 2250 439 2308 inter
452 2249 578 2306 scabiem
588 2261 696 2307 mutam
710 2262 738 2308 et
751 2251 976 2327 contagislncri‚

195 2327 245 2384 Nil
259 2345 375 2402 parvum
389 2328 491 2403 sapias,
504 2340 534 2386 et
546 2329 642 2386 adbuc
651 2329 784 2388 sublimia
797 2348 891 2402 cures,
1103 2335 1140 2393 15

194 2406 271 2468 Quae
285 2425 361 2463 mare
375 2419 558 2484 compescant
571 2427 675 2481 causae,
686 2409 754 2485 quid
767 2420 906 2486 temperet
918 2429 1042 2483 annum;

196 2485 291 2542 Stellae
306 2496 406 2560 sponte
420 2487 472 2543 sub
483 2488 608 2562 jussaene
622 2500 759 2564 vagentur
772 2500 801 2547 et
814 2500 924 2559 errent;

193 2561 274 2624 Quid
288 2575 398 2638 premat
407 2565 559 2622 obscurum
572 2567 659 2638 lune,
673 2568 740 2641 quid
754 2568 885 2644 proferat,
899 2569 997 2626 orbem
1005 2589 1013 2640 ;

192 2641 274 2702 Quid
288 2642 353 2698 velit
368 2653 396 2700 et
409 2643 496 2718 possit
506 2662 600 2700 rerum
614 2645 767 2702 concordio
781 2645 905 2715 discors;

193 2719 391 2796 Empedocles,
405 2741 441 2778 an
457 2722 624 2780 Stertinium
637 2723 739 2781 deliret
751 2725 892 2782 acumen?
1099 2727 1141 2788 2⁰

232 2797 351 2872 Verdm,
365 2820 415 2858 sen
429 2801 531 2876 pisces,
546 2821 596 2859 seu
609 2821 723 2877 porrum
738 2814 766 2861 et
779 2822 858 2879 caepe
871 2803 1007 2878 trucidas,

195 2877 278 2935 Utere
292 2878 428 2954 Pompeio
440 2881 571 2956 Grospho
582 2900 590 2950 ;
611 2892 649 2951 et,
663 2881 768 2958 siquid
782 2893 869 2958 petet,
880 2883 953 2942 ultro

193 2955 295 3014 Deser:
316 2956 357 3014 nil
370 2958 517 3036 Grosphus
530 2960 584 3017 nisi
599 2961 800 3020 verum-orabit
812 2973 842 3020 et
855 2981 974 3038 equum.

195 3035 264 3093 Vilis
278 3036 432 3094 amicornm
447 3050 490 3096 est
504 3057 626 3111 annona,
642 3039 723 3098 bonis
737 3041 785 3098 nbi
798 3041 864 3116 quid
880 3042 968 3099 deest.

230 3113 259 3170 N
261 3133 278 3172 e
289 3126 384 3172 tamen
399 3117 513 3193 ignores
526 3133 583 3192 quo
596 3117 632 3176 sit
645 3118 779 3177 Romano
791 3119 854 3179 ioco
868 3139 932 3177 res:
1097 3121 1139 3180 25

191 3191 334 3250 Cantaber
347 3195 493 3270 Agrippae,
505 3196 610 3254 Claudi
623 3197 725 3255 virtute
738 3198 863 3256 Neronis

193 3270 346 3328 Armenius
359 3273 480 3331 cecidit:
497 3275 545 3350 jus
559 3275 764 3351 imperiumque
778 3275 914 3334 Phraates

190 3347 311 3406 Caesaris
325 3352 435 3427 accepit
449 3351 570 3430 genibus
583 3352 694 3409 minor:
716 3373 801 3410 aurea
815 3354 910 3430 fruges

190 3423 281 3483 Italia
294 3429 380 3504 pleno
393 3431 506 3488 diffudit
519 3429 610 3507 Copia
622 3449 720 3488 comu.
