2706 4362
173 308 231 367 140
501 305 532 363 Q
549 305 693 356 nostru
708 291 837 356 'sutem

100 514 104 523 Ι
211 449 277 507 Jnrn
292 453 358 507 vino
370 467 510 526 querens,
518 449 577 525 jam
591 468 701 522 somno,
715 449 810 509 fellere
825 467 938 508 eurem

212 526 347 598 Frustrd;
368 547 435 586 nem
449 547 545 586 comes
558 539 619 586 stra
631 528 734 606 premit
747 528 929 606 sequiturque
943 528 1085 607 fugsuem.

591 679 735 714 EOMTIUS.

212 742 296 802 Unde
310 743 380 803 mihi
393 744 537 821 lapidem?

616 895 712 930 nnus.

565 981 714 1042 Quorsum
727 993 771 1041 est
783 982 875 1058 opust

596 1132 740 1166 numurus.

925 1197 1009 1256 Unde
1022 1197 1161 1276 sagittusi

618 1347 714 1382 DAVUS.

214 1438 276 1497 Aut
288 1436 394 1496 insanit
407 1436 501 1510 homo,
515 1447 564 1494 aut
577 1454 674 1494 versus
688 1435 765 1494 sseit.

593 1587 737 1622 Romulus.

825 1631 919 1694 Oeids
932 1635 1000 1694 hine
1013 1644 1041 1694 te
1119 1635 1158 1694 91

209 1714 255 1772 Ni
267 1714 352 1791 repis,
366 1714 487 1773 neuedes
500 1731 586 1791 opens
599 1733 667 1792 egro
680 1733 757 1774 none
770 1714 886 1774 Sabino.

533 2069 692 2128 SATIRA
713 2069 799 2132 VIII.

595 2236 739 2270 trossulus.

213 2326 259 2385 Ur
273 2336 301 2384 te
315 2323 465 2383 Nasidieni
476 2323 549 2401 juvit
561 2342 645 2382 eoenn
658 2323 754 2383 beati?

213 2406 289 2463 Nam
304 2405 384 2477 mihi,
398 2403 536 2480 quaerenti
549 2403 707 2477 sonnium,
721 2405 815 2464 dietus
828 2403 898 2468 herd
912 2406 971 2468 illie

213 2485 258 2542 De
272 2484 367 2543 medio
380 2495 476 2562 potare
491 2484 546 2542 die.

586 2635 748 2669 runnsttws.

606 2719 666 2793 Sin,
680 2730 712 2778 ut
724 2720 794 2780 mihi
807 2739 953 2796 nunquam

213 2799 248 2858 In
263 2799 320 2858 virs
334 2799 418 2858 iirerit
430 2795 541 2857 melitis.

593 2950 738 2984 nonnus.

607 3033 662 3108 Da,
676 3036 700 3093 si
714 3055 799 3112 grave
813 3056 871 3096 non
884 3047 938 3112 est,

212 3116 289 3179 Quae
303 3114 394 3193 prime
407 3115 509 3174 iratum
522 3125 648 3174 ventrem
661 3115 817 3191 placaverit
828 3135 903 3176 esen
1140 3117 1161 3174 5

585 3265 745 3299 retrusurus.

99 3381 101 3386 ·
213 3352 249 3409 In
263 3353 360 3428 prirnis
374 3353 509 3412 Lucanus
523 3371 608 3427 aper:
630 3351 688 3408 leni
703 3352 755 3410 tuit
769 3353 877 3410 Austro

212 3431 331 3506 Captus,
346 3442 377 3488 ut
390 3432 485 3490 aiebat
497 3449 587 3488 uoenae
600 3440 687 3506 peter.
729 3430 818 3488 Aeria
831 3427 943 3490 nucum

213 3508 337 3583 Rapula,
351 3510 481 3584 luctuose,
495 3511 616 3581 radines,
629 3507 723 3584 quuliu
736 3508 842 3566 lassum

213 3586 375 3645 Pervellunt
389 3591 584 3659 stomachum,
606 3589 685 3660 siser,
700 3588 790 3661 halen,
805 3587 907 3648 faeculs
919 3588 987 3649 Cos.

214 3663 269 3720 His
283 3665 330 3722 ubi
344 3667 461 3724 sublatis
473 3687 543 3743 puer
559 3667 615 3727 ulte
630 3669 742 3726 einetus
755 3687 888 3726 acernum
1124 3669 1162 3728 10

212 3744 345 3818 Gausape
359 3764 500 3821 purpureo
514 3766 642 3806 mensem
655 3747 794 3824 pertersit,
809 3760 838 3806 et
852 3748 922 3806 alter
