2706 4362
508 308 714 360 sermonum
731 310 798 378 nm.
816 312 851 362 rr.
869 317 893 362 s.
1138 317 1193 376 133

242 451 339 514 Persta
352 464 435 529 atque
448 453 566 525 obdura,
581 473 631 510 seu
645 456 731 511 rubra
745 455 887 513 Canicula
899 455 988 513 findet

241 532 368 590 Infantes
382 543 497 604 statuas,
509 551 560 589 seu
573 534 782 609 pingui-tentus
795 553 893 592 omaso
1152 535 1193 593 40

240 611 343 668 Furius
357 612 490 668 hibernas
505 612 579 669 canit
593 612 657 668 nive
671 624 810 687 conspuet
830 615 927 688 Alpes.

240 688 373 751 “Nonne
387 691 494 762 vides,''
510 690 611 765 aliquis
626 691 722 753 cubito
736 702 859 749 stantem
873 689 960 768 prope
976 703 1096 768 tangens

239 766 362 843 Inquiet,
374 773 434 825 “ut
447 770 572 845 patiens!
594 779 626 828 ut
639 771 740 827 amieis
754 772 851 846 aptus!
874 781 905 828 ut
919 790 983 828 acer
996 772 1022 826 l'?

238 847 337 904 Plures
351 849 500 905 annabunt
513 848 626 920 thunni‚
641 859 670 905 et
683 851 788 907 cetaria
802 860 940 908 crescent.

239 927 272 983 Si
285 927 332 983 cui
346 921 482 1002 praterea
496 927 604 984 validus
618 925 692 984 male
707 928 782 984 filius
796 929 878 1000 inre
953 953 955 958 ’

219 1007 223 1018 “
239 1005 380 1062 Praeclarb
394 1005 521 1062 sublatus
535 1006 642 1074 aletur;
663 1012 702 1080 'ne
715 1007 904 1064 manifestum¹
974 1051 976 1056 .

240 1083 355 1141 Caelibis
368 1085 536 1159 obsequium
551 1086 640 1142 nudet
653 1096 691 1157 te,
706 1085 807 1142 leniter
820 1087 850 1142 in
864 1105 943 1161 spem

239 1164 348 1237 Arrepe
361 1163 513 1234 officiosus,
529 1176 560 1220 ut
573 1173 603 1220 et
615 1163 739 1220 scribare
754 1166 897 1221 secundus
953 1175 955 1180 '

238 1241 348 1313 Haeres
362 1252 400 1314 et,
415 1243 439 1299 si
452 1243 515 1318 quis
528 1261 613 1299 casus
626 1261 746 1318 puerum
761 1243 851 1318 egerit
863 1243 952 1315 Orco,

237 1319 277 1378 In
287 1339 408 1378 vacuum
423 1323 536 1379 venias:
557 1319 672 1397 perraro
687 1323 749 1379 haeo
764 1322 825 1379 alea
840 1321 917 1379 fallit.

236 1400 297 1462 Qui
308 1410 509 1459 testamentum
522 1402 615 1458 tradet
629 1401 680 1458 tibi
695 1419 808 1476 cunque
823 1401 987 1476 legendum,

238 1479 375 1536 Abnuere
389 1490 418 1536 et
432 1481 541 1538 tabulas
556 1499 573 1536 a
586 1492 615 1538 te
630 1500 773 1538 removere
788 1491 949 1537 memento:

239 1559 288 1614 Sic
301 1553 398 1615 tamen
413 1569 445 1616 ut
458 1559 533 1614 limis
543 1560 718 1634 rapiasquid
732 1560 824 1635 prima
838 1560 965 1616 secundo

238 1636 313 1692 Cera
326 1637 392 1694 velit
405 1655 504 1706 versu;
526 1637 602 1694 solus
616 1638 749 1694 multisne
764 1639 900 1711 eohaeres,

238 1715 339 1770 Veloci
352 1733 486 1790 percurre
499 1715 590 1772 oculo.
632 1716 801 1789 Plerumque
816 1725 946 1772 recoctus

240 1791 341 1863 Scriba
354 1811 391 1849 ex
403 1793 601 1867 Quinqueviro
615 1811 730 1850 corvum
744 1793 861 1850 deludet
875 1793 1010 1864 hiantem,

225 1869 430 1946 ¹Captatorque
444 1871 523 1928 dabit
535 1871 609 1929 risus
622 1870 731 1928 Nasica
745 1871 866 1929 Corano.
881 1885 883 1896 ⁴

634 2019 752 2053 ULYSSES·

237 2103 317 2162 Num
332 2105 420 2163 furisl
435 2123 471 2163 an
484 2106 610 2182 prudens
623 2106 697 2163 ludis
711 2125 757 2163 me
771 2105 892 2162 obscura
906 2106 1056 2164 canendol

627 2255 759 2288 arnustus,

236 2342 264 2399 Ο
277 2342 439 2414 Laertiade,
454 2342 590 2418 quidquid
605 2342 709 2413 dicam,
724 2351 773 2399 aut
786 2341 849 2413 erit,
864 2351 1000 2399 autnon:

237 2420 371 2479 Divinare
385 2422 492 2480 etenim
506 2439 628 2496 magnus
642 2421 711 2477 mihi
725 2422 813 2478 donat
827 2421 937 2496 Apollo.

630 2569 748 2602 vassus,

234 2657 315 2719 Quid
328 2667 424 2716 tamen
438 2656 491 2714 ista
504 2656 571 2714 velit
584 2656 638 2714 sibi
653 2656 756 2729 fabula,
771 2656 882 2728 silicet,
897 2656 959 2714 ede.

621 2805 752 2838 rrnnslrtS.

236 2888 380 2964 Tempore
394 2909 449 2964 quo
460 2891 573 2965 juvenis
586 2890 698 2946 Parthis
712 2890 879 2960 horrendus,
894 2891 930 2946 ab
944 2890 999 2947 alto

236 2967 399 3025 Demissum
412 2986 504 3042 genus
518 2967 623 3038 AEneb,
637 2967 736 3024 tellure
751 2968 876 3041 marique

236 3045 362 3122 Magnus
375 3047 437 3118 erit,
452 3046 515 3103 forti
528 3045 617 3102 nubet
630 3064 748 3120 procera
759 3047 873 3102 Corano

236 3124 310 3183 Filia
323 3124 353 3181 N
355 3126 449 3196 asicae,
464 3124 615 3182 metuentis
629 3124 747 3180 reddere
762 3124 880 3180 eoldum.

235 3204 314 3262 Tum
328 3224 416 3281 gener
430 3206 485 3262 hoc
499 3201 601 3272 saciet3
623 3202 733 3259 tabulas
746 3220 845 3259 socero
859 3201 945 3273 dabit,
961 3211 1043 3275 atque

235 3283 273 3342 Ut
285 3285 362 3360 legat
374 3284 480 3342 orabit:
503 3279 624 3341 multum
638 3281 747 3338 Nasica
760 3291 878 3356 negatas

235 3364 368 3439 Accipiet
381 3365 496 3422 tandem
511 3374 540 3420 et
553 3361 656 3420 tacitus
670 3362 745 3437 leget
756 3381 763 3431 ;
785 3359 965 3433 invenietque

235 3441 284 3498 Nil
299 3443 352 3499 sibi
365 3444 500 3520 legatum,
514 3453 615 3521 praeter
626 3442 745 3517 plorare,
760 3441 883 3513 suisque.

235 3518 309 3576 Illud
324 3522 359 3576 ad
374 3524 435 3579 lraec
447 3523 549 3598 jubeo:
570 3521 672 3578 mulier
686 3520 709 3576 si
725 3517 795 3577 sorte
810 3518 907 3574 dolosa
1144 3521 1182 3578 70

234 3596 400 3657 Libertusve
414 3620 510 3658 senem
524 3600 644 3657 delirum
659 3608 805 3673 temperet,
820 3596 874 3654 illis

235 3677 367 3734 Accedas
382 3680 489 3748 socius;
511 3679 619 3749 laudes,
634 3677 757 3733 lauderis
771 3687 803 3733 ut
816 3676 926 3750 absens.

234 3752 376 3829 Mesene,
391 3759 464 3832 quod
479 3758 583 3829 dicam,
598 3757 704 3813 sactum
719 3765 778 3812 est:
799 3756 883 3813 Anus
897 3755 1024 3836 improba
1037 3754 1147 3815 Thebis

235 3833 278 3894 Ex
292 3846 461 3895 testamento
474 3836 514 3893 sic
529 3846 570 3893 est
586 3835 676 3893 elata·
697 3834 817 3892 cadaver

438 3917 468 3975 ti
