2706 4362
1186 239 1195 270 i

507 307 714 362 SATIRARUM
730 308 796 359 LIB.
815 308 850 360 11.
867 313 891 358 8.
1134 310 1189 368 127

223 457 345 518 'Invisis
359 441 482 516 foribusi
523 455 590 516 ‘Ne
604 470 692 524 nunc,
707 470 794 528 quum
808 471 854 522 me
869 461 951 510 vocat
961 451 1044 524 ultre,

241 538 412 595 Accedam?
433 555 469 592 an
483 533 577 610 potius
590 533 710 591 mediter
725 531 805 588 finire
820 531 952 589 doloresi

186 644 190 653 ¹
229 616 380 688 Exclusit,
394 623 523 672 revocat:
544 613 682 670 redeami
704 629 772 678 non,
788 609 812 667 si
825 610 973 667 obsecret!
1015 607 1094 666 Eece

242 696 357 767 Servus,
371 713 428 751 non
442 690 528 769 pauld
543 692 711 767 sapientior:
734 688 780 745 ‘0
794 690 872 760 here,
886 707 949 763 quae
957 706 1003 743 res

237 772 306 830 Nec
320 772 437 829 modum
451 773 545 843 babet,
560 789 652 844 neque
666 769 827 839 consilium,
842 768 950 824 ratione
964 766 1106 841 modoque
1131 765 1190 823 265

241 852 374 909 Tractari
388 871 446 908 non
460 850 527 908 vult.
568 848 604 906 In
619 868 713 928 amore
728 848 790 904 haec
804 858 871 902 sunt
884 846 974 914 mala3
996 844 1111 917 beilum,

241 931 303 988 Pax
315 948 448 986 rursum:
469 929 531 985 baec
545 929 568 984 si
582 928 654 1002 quis,
669 925 842 1002 tempestatis
855 921 942 1002 propd
956 925 1012 982 ritu

238 1009 364 1066 Mobilia
376 1018 406 1066 et
419 1008 497 1064 caea
512 1006 651 1065 fluitantia
664 1020 748 1076 sorte,
760 1005 868 1064 laboret

242 1087 379 1146 Reddere
393 1098 469 1143 certa
484 1086 547 1158 sibi,
561 1085 651 1144 nihilo
664 1087 728 1162 plus
741 1083 862 1159 explicet
876 1082 947 1138 acsi

242 1161 373 1224 Insanire
386 1165 557 1240 paretcertai
571 1165 680 1222 ratione
694 1163 850 1236 modoque)
971 1183 973 1188 ’
1133 1159 1191 1217 27⁰

241 1245 343 1306 Quidt
363 1263 459 1319 quum,
474 1243 589 1302 Picenis
602 1261 759 1320 excerpens
772 1241 881 1298 semina
893 1239 994 1315 pomis,

241 1324 358 1382 Gaudes
372 1324 395 1380 si
409 1341 552 1380 cameram
565 1324 689 1398 permisti
705 1318 786 1393 forte,
801 1339 889 1396 penes
903 1330 931 1376 te
941 1319 993 1380 ¹esi

241 1404 345 1466 Quidt
366 1421 453 1478 quum
467 1403 550 1460 balba
563 1403 630 1460 seris
644 1421 752 1461 annoso
766 1399 851 1457 verba
864 1399 966 1475 palate,

156 1517 163 1524 .,
243 1479 417 1552 AEdificante
431 1501 511 1538 casas
525 1480 573 1557 qui
587 1483 703 1540 saniori
745 1480 830 1537 Adde
844 1496 975 1535 cruorem
1132 1473 1191 1532 274

244 1561 386 1631 Stultitia,
402 1570 485 1634 atque
499 1561 595 1634 ignem
610 1561 851 1636 gladioscrutare.
893 1552 993 1626 Modo,
1008 1553 1133 1628 inquam,

239 1639 368 1696 Hellade
381 1638 516 1713 percussi
531 1637 640 1694 Marius
653 1657 739 1712 quum
752 1636 908 1712 praecipitet
922 1654 963 1706 se,

246 1717 375 1773 Cerritus
389 1717 460 1772 fuiti
481 1735 517 1772 an
532 1728 679 1773 commotae
694 1717 813 1773 crimine
827 1712 930 1770 mentis

246 1796 386 1852 Absolves
400 1793 554 1864 bominem,
569 1803 598 1850 et
611 1794 726 1850 sceleris
740 1791 888 1850 damnabis
901 1790 1035 1861 eundem,

247 1875 293 1931 Ex
306 1892 384 1930 more
398 1872 547 1948 imponens
561 1883 682 1948 cognata
696 1870 833 1929 vocabula
845 1869 951 1926 rebust

246 1951 410 2021 Libertinus
423 1962 492 2022 erat,
506 1952 555 2026 qui
569 1952 677 2008 circum
691 1951 814 2026 compita
828 1950 923 2007 siccus
1135 1946 1194 2006 280

245 2031 346 2089 Lautis
360 2027 444 2087 mane
460 2049 547 2088 senex
561 2025 696 2088 manibus
706 2030 855 2098 currebat3
876 2037 915 2099 et,
931 2025 1065 2101 ‘Unum,’
1105 2076 1107 2082 .

244 2109 394 2170 Quiddam
408 2127 542 2184 magnum
557 2110 675 2181 addens,
691 2114 800 2166 ‘unum
815 2127 860 2164 me
874 2105 980 2182 surpite
993 2108 1086 2181 uiorti,

245 2187 299 2245 Dis
312 2188 418 2245 etenim
433 2187 515 2244 facile
528 2190 590 2260 est,³’
602 2189 716 2246 orabat:
736 2207 824 2244 sanus
834 2183 962 2260 ¹utrisque
986 2235 987 2242 ,

245 2266 373 2325 Auribus
387 2278 470 2341 atque
484 2267 591 2336 oculis3
614 2278 749 2339 mentem,
764 2267 819 2324 nisi
833 2265 982 2341 litigiosus,

245 2345 398 2421 Exciperet
408 2345 540 2403 dominus
550 2365 637 2420 quum
649 2347 792 2405 venderet.
826 2344 892 2402 Hoc
902 2363 1012 2421 quoque
1024 2345 1124 2422 vulgus
1134 2346 1193 2404 205

245 2423 420 2500 Chrysippus
433 2424 514 2500 ponit
528 2423 662 2482 soecundti
677 2426 707 2482 in
722 2437 807 2500 gente
819 2421 949 2480 Meneni.

246 2503 385 2580 ‘Jupiter‚
400 2501 532 2578 ingentes
544 2503 594 2578 qui
608 2503 659 2560 das
673 2503 830 2580 adimisque
844 2503 973 2574 dolores,’

176 2614 179 2620 ,
221 2629 223 2633 ,
246 2580 339 2664 Mater
354 2583 393 2639 ait
405 2583 486 2657 pueri
499 2601 612 2639 menses
623 2583 682 2658 jam
695 2581 820 2658 quinque
834 2581 975 2655 cubantis,

246 2660 381 2737 ‘Frigida
394 2661 417 2718 si
430 2679 550 2737 puerum
564 2673 700 2738 quartana
712 2662 866 2738 reliquerit,
880 2659 928 2720 illo

246 2738 335 2798 Mane
350 2741 466 2815 dieque
479 2752 510 2798 tu
524 2741 629 2798 indicis
639 2740 757 2816 jejunia,
771 2740 866 2797 nudus
1135 2739 1193 2797 290

245 2816 281 2875 Ia
297 2818 397 2874 Tiberi
409 2818 509 2875 stabit!
552 2819 644 2874 Casus
658 2820 821 2875 medicusve
835 2818 935 2875 levirit

247 2895 368 2971 AEgrum
383 2914 419 2951 ex
431 2896 579 2969 praecipiti,
593 2906 682 2952 mater
696 2896 785 2954 delira
797 2896 912 2953 necabit

247 2972 283 3031 In
293 2972 389 3050 gelida
402 2972 490 3029 fixum
504 2971 575 3046 ripri,
590 2972 745 3049 febrimque
758 2974 884 3031 reducet.
944 3019 947 3032 ,

246 3053 354 3116 Quone
368 3052 443 3108 malo
456 3062 580 3108 mentem
595 3054 753 3109 concussa?
774 3053 875 3110 timore
889 3051 1036 3114 deorum,”

247 3131 322 3190 Hac
335 3131 406 3188 mibi
420 3128 584 3201 Stertinius,
598 3129 757 3205 sapientirm
771 3140 897 3201 octavus,
912 3129 1005 3186 amico
1135 3127 1195 3188 295

247 3212 337 3269 Arma
351 3209 438 3279 dedit,
449 3209 569 3286 posthac
583 3226 619 3266 ne
633 3208 816 3283 compellarer
829 3207 945 3264 inultus.

246 3289 359 3348 Dixerit
371 3291 504 3348 insanum
517 3289 566 3364 qui
580 3307 636 3360 me,
650 3287 768 3346 totidem
779 3286 876 3345 audiet
884 3306 891 3356 ;
914 3295 997 3362 atque

246 3368 404 3446 Respicere
417 3369 515 3446 ignoto
529 3367 620 3426 discet
632 3367 786 3444 pendentia
799 3377 887 3444 tergo.

628 3516 773 3550 BOBA'HUS.

249 3603 357 3674 Stoice,
370 3613 432 3678 post
445 3603 581 3660 damnum
594 3602 637 3659 sic
650 3601 756 3658 vendas
766 3600 864 3659 omnia
876 3599 982 3678 pluris:
1028 3615 1033 3628 ⁸

248 3679 319 3742 Qut
331 3699 377 3737 me
392 3680 519 3754 stultitia,
532 3681 666 3756 quoniam
680 3698 738 3736 non
752 3692 795 3738 est
808 3698 899 3756 genus
913 3697 1012 3754 unum,
1136 3679 1195 3741 300

249 3757 379 3818 Insanire
392 3761 496 3836 putasi
515 3778 570 3836 ego
583 3777 650 3816 nam
663 3758 759 3816 videor
772 3757 842 3818 mibi
855 3778 949 3817 sanus.
