2756 4366
516 359 548 416 Q.
565 357 711 410 nomm
727 336 853 408 nico

608 582 692 643 ODE
712 585 752 644 X.

573 722 607 761 ru
625 721 784 785 assonam.
844 773 847 776 Ι

345 820 418 882 luas
431 833 460 880 et
473 822 624 881 nefastote
637 822 731 898 posuit
744 822 803 892 dic,

345 902 522 977 Quicunque
536 898 659 977 primbm
673 911 702 958 et
716 898 856 976 sacrilegii
869 916 957 957 manu

385 980 532 1051 Produxit,
547 979 640 1052 arbos,
653 980 684 1037 in
697 989 833 1054 nepotum
947 1003 953 1010 -

425 1058 597 1130 Perniciem,
612 1057 848 1133 opprobriumque
858 1055 942 1134 pagi:

347 1134 433 1194 Illum
447 1146 476 1193 et
488 1137 613 1212 parentis
626 1135 796 1193 crediderim
811 1135 856 1192 sui
869 1209 871 1212 Ι

347 1213 480 1290 Fregisse
493 1214 645 1286 cervicem,
659 1223 688 1270 et
700 1213 856 1290 penetralia

387 1291 530 1369 Sparsisse
544 1302 685 1349 nocturno
699 1310 801 1350 cruore
910 1290 912 1294 ’

265 1406 270 1441 f
384 1413 386 1420 .
427 1370 572 1446 Hospitis:
593 1370 640 1427 ille
654 1387 764 1430 venena
778 1367 899 1441 Colcha,

247 1498 250 1504 .
346 1447 386 1507 Et
395 1441 532 1528 quidquid
540 1457 665 1524 usquam
678 1449 837 1525 concipitur
850 1448 941 1522 nefas,

310 1540 332 1558 ·“
343 1526 505 1600 -Τῐαοῐανὴ,
519 1546 587 1604 agro
599 1526 647 1603 qui
661 1528 759 1586 statuit
771 1546 837 1586 meo

386 1606 444 1677 Te,
457 1607 536 1664 triste
549 1602 669 1682 lignum,
683 1617 724 1678 te,
737 1607 879 1664 caducum

419 1684 462 1742 {n
476 1684 584 1744 domini
597 1697 683 1760 caput
697 1686 882 1744 immerentis.

346 1762 429 1825 Quid
442 1764 563 1838 quisque
576 1764 655 1834 vitet,
668 1783 815 1839 nunquam
829 1763 939 1824 homini
952 1761 1022 1822 satis

348 1842 471 1900 Cautum
486 1853 540 1914 est,
553 1843 582 1898 iu
597 1842 689 1900 horas.
731 1841 837 1901 Navita
850 1843 1007 1920 Bosporum

387 1920 494 1977 Poenus
507 1922 707 1996 perhorrescit,
718 1939 814 1996 ‘neque
828 1919 901 1979 ultrd

426 1997 514 2056 Caeca
526 1999 608 2057 timet
617 2001 734 2058 aliunde
748 2001 822 2070 fata;

347 2069 433 2134 Miles
446 2077 562 2152 sagittas
576 2089 604 2133 et
618 2079 740 2136 celerem
755 2080 852 2154 fugam

347 2154 461 2224 Parthi;
482 2165 599 2210 catenas
612 2153 733 2212 Parthus
747 2168 776 2213 et
789 2157 894 2214 Italum

385 2232 504 2290 Robur:
525 2231 576 2287 sed
589 2231 740 2306 improvisa
753 2233 808 2288 leti

425 2310 478 2366 Vis
491 2309 584 2406 rapuit
596 2310 742 2386 rapietque
753 2320 861 2386 gentes.

345 2386 446 2452 Qudm
459 2408 533 2464 pene
548 2389 635 2446 fumas
648 2408 737 2466 regna
754 2388 939 2466 Proserpinae,

346 2467 386 2527 Et
400 2468 573 2527 'udicantem
587 2468 709 2526 vidimus
724 2467 866 2539 AEacum3

426 2548 532 2622 desque
546 2549 683 2605 discretas
697 2548 809 2624 piorum
822 2560 853 2605 et

427 2625 529 2683 AEoliis
542 2626 647 2682 fidibus
656 2637 823 2702 querentem
855 2664 857 2668 ν

284 2729 288 2738 ’
347 2705 463 2782 Sappho
474 2705 577 2780 puellis
589 2705 625 2762 de
638 2705 821 2781 popularibus
828 2724 837 2774 ;

346 2784 385 2844 Et
397 2796 426 2843 te
440 2795 588 2842 sonantem
601 2781 715 2859 plenius
725 2803 821 2856 aureo,

386 2864 497 2936 Alces,
510 2863 618 2938 plectro
631 2863 702 2920 dura
715 2863 805 2933 navis,

425 2941 506 3000 Dura
520 2942 596 3018 fugae
609 2942 694 3013 mala,
708 2943 780 2998 dura
794 2940 876 2998 belli!

346 3021 504 3096 Utrumque
517 3031 598 3078 sacro
612 3022 699 3096 digna
709 3020 823 3078 silentio

347 3100 490 3159 Mirantur
504 3100 612 3156 umbrae
626 3101 738 3156 dicere:
759 3099 810 3160 sed
824 3095 917 3176 magis

386 3179 502 3255 Pugnae
515 3189 544 3236 et
562 3189 677 3236 exactos
689 3187 824 3254 tyrannos

425 3259 555 3315 Densum
569 3258 696 3315 humeris
710 3258 863 3315 bibit-aure
876 3257 986 3333 vulgus.

345 3337 427 3399 Quid
441 3338 554 3409 mirum,
569 3337 619 3394 ubi
633 3337 689 3394 illis
702 3337 876 3395 carminibus
890 3346 1008 3412 stupens

347 3415 478 3474 Demittit
491 3428 565 3474 atras
579 3415 673 3472 bellua
686 3415 831 3490 centiceps

386 3495 490 3568 Aures,
504 3505 534 3553 st
546 3495 643 3553 intorti
656 3493 766 3570 capillis

426 3572 620 3631 Eumenidum
634 3585 798 3632 recreantur
812 3573 941 3649 anguesl

346 3648 429 3711 Quin
443 3661 472 3707 et
485 3651 680 3725 Prometheus,
694 3663 724 3710 et
736 3641 849 3727 Pelopis
868 3669 980 3726 parens,

346 3727 433 3784 Dulci
447 3727 576 3787 laborum
590 3732 730 3808 decipitur
743 3747 831 3786 sono:

386 3803 417 3863 N
418 3825 453 3864 ec
467 3818 548 3865 curat
561 3807 652 3867 Orion
666 3810 763 3866 leones

426 3886 488 3942 Aut
501 3885 616 3944 timidos
633 3887 741 3963 agitare
754 3887 860 3961 lyncas.

1157 1135 1178 1194 5
