2706 4362
498 342 704 397 sarmitum
721 341 787 394 Lts.
806 343 827 394 l.
844 344 868 394 d.

228 489 358 548 Setcsam
372 487 434 546 levi
449 487 569 547 frontem
583 499 744 564 turpaverat
755 489 822 547 oris.

228 567 408 644 Campanum
421 568 452 624 in
466 568 606 639 morbum,
620 568 650 626 iu
665 567 767 625 faciem
817 567 921 626 rmulta
931 567 1059 644 jocatus,
1149 607 1166 642 1,

227 641 372 704 Pastorem
386 646 501 704 saltaret
514 643 556 703 uti
570 647 696 723 Cyclopa
709 665 777 723 roga
798 658 842 704 st:

226 724 279 783 Nil
292 725 333 783 illi
347 725 425 782 larva
439 736 488 782 aut
501 725 617 802 tragicis
631 744 703 800 opus
717 745 779 782 esse
792 725 947 784 cothurnis.

227 802 322 864 Multa
336 804 466 863 Cicirrus
479 804 515 861 ad
529 805 607 862 haec:
629 803 765 862 donasset
776 805 873 880 jamne
887 813 1018 864 catenam
1136 804 1177 864 65

227 882 274 940 Ex
288 894 352 941 voto
365 882 498 954 Laribus,
511 883 655 958 querebat
667 871 684 972 :)
695 884 789 941 scriba
802 881 880 960 qubd
894 893 978 957 esset,
1150 881 1153 888 ’

227 961 363 1019 Deterius
376 961 602 1022 nihilodominte
613 962 745 1039 jusesse.
786 962 921 1038 Rogabat

228 1039 362 1115 Denique
376 1060 427 1098 cur
441 1059 566 1116 uuquam
581 1041 708 1116 fugisset,
723 1042 770 1098 cui
785 1039 855 1098 satis
866 1060 925 1099 una

228 1117 326 1177 Farris
338 1118 411 1176 libra
425 1120 505 1192 soret,
520 1120 620 1196 gracili
634 1120 676 1178 sic
690 1131 804 1196 tamque
816 1119 929 1196 pusillo.

142 1254 146 1260 .
229 1197 349 1257 Prorsus
359 1195 488 1274 jucunde
503 1217 616 1258 coenam
629 1199 815 1275 produximus
828 1199 913 1257 illam,
948 1249 949 1252 ,
1137 1199 1178 1258 70

180 1337 184 1344 ,
267 1275 430 1334 Tendimus
443 1277 512 1334 hinc
526 1279 605 1336 recttl
619 1277 827 1349 Beneventum,
841 1277 891 1334 ubi
905 1277 1021 1336 sedulus
1034 1278 1137 1354 hospes
1172 1341 1176 1348 ,

194 1405 196 1408 .
227 1353 307 1414 Ρειιὲ
322 1355 398 1428 arsit,
412 1375 524 1414 macros
537 1357 606 1414 dum
620 1357 719 1415 turdos
733 1356 869 1414 versatio
883 1355 970 1432 igue:

228 1433 258 1492 N
260 1454 306 1492 am
320 1454 394 1512 vaga
406 1455 462 1512 pen
471 1446 595 1496 veterem
610 1436 719 1512 dilapso
733 1435 846 1494 flamma
859 1436 986 1493 culinam

228 1513 360 1573 Vulcano
373 1534 517 1572 summum
529 1517 699 1590 properabat
712 1515 837 1573 lambere
851 1526 968 1573 tectum.

158 1595 160 1599 ’
228 1594 369 1651 Convivas
384 1591 481 1656 avidos
494 1612 609 1650 cranam
623 1613 773 1669 servosque
787 1594 921 1653 timentes
1137 1594 1176 1651 75

163 1731 165 1734 ,
229 1671 308 1728 Tum
323 1691 431 1747 rapere,
445 1684 530 1747 atque
543 1692 643 1730 omues
657 1675 832 1748 restinguere
846 1673 918 1730 velle
932 1673 1050 1730 videres.

269 1749 376 1825 Incipit
388 1769 425 1808 ex
439 1751 486 1808 illo
499 1761 610 1808 montes
621 1751 727 1825 Apulia
741 1761 822 1807 notos

229 1827 383 1886 Ostentare
398 1829 478 1898 mihi,
491 1846 563 1902 quos
575 1839 663 1888 torret
678 1828 829 1900 Atabulus,
844 1839 873 1886 et
886 1847 956 1903 quos

229 1905 386 1982 Nunquam
400 1925 574 1984 erepsemus,
589 1907 644 1965 uisi
659 1927 712 1965 uos
725 1907 818 1965 vicina
831 1906 942 1965 Trivici

230 1985 305 2043 Villa
319 1985 482 2062 recepisset,
496 1986 654 2061 lacrymoso
669 2005 726 2044 uon
741 1986 803 2044 sine
815 1987 902 2059 sumo,
1138 1985 1178 2046 8⁰

229 2063 308 2122 Udos
321 2084 387 2124 cum
402 2065 476 2124 soliis
489 2083 582 2123 ramos
596 2077 701 2124 urente.
711 2066 833 2124 cantino.

267 2143 400 2206 Quatuor
413 2143 482 2201 hinc
495 2145 620 2222 rapimur
634 2145 733 2222 viginti
747 2156 776 2204 et
789 2145 879 2205 millia
891 2145 997 2221 rhedis,

228 2220 358 2284 Mansuri
371 2223 506 2299 oppidulo
519 2225 594 2300 quod
608 2243 690 2282 versu
705 2225 800 2282 dicere
814 2245 872 2284 nou
887 2236 940 2296 est,
989 2228 995 2238 “

229 2302 326 2378 Signis
339 2301 473 2378 perfacile
487 2313 547 2360 est:
568 2304 645 2361 venit
658 2304 792 2362 vilissima
806 2321 902 2362 rerum

229 2380 289 2438 Hic
302 2399 391 2457 aqua3
413 2382 463 2439 sed
477 2383 559 2456 panis
572 2380 658 2458 lougd
672 2383 891 2462 pulcherrimus,
905 2381 979 2442 ultrd
1137 2381 1177 2440 85

229 2460 358 2518 Callidus
372 2471 404 2518 ut
417 2461 507 2528 soleat
520 2461 646 2518 humeris
658 2473 769 2537 portare
784 2462 891 2520 viator:

228 2539 305 2597 Nam
319 2538 428 2597 Canusi
442 2539 596 2615 lapidosus,
611 2559 691 2615 oquae
705 2560 764 2600 nou
778 2542 861 2600 ditior
875 2559 947 2600 urua
955 2561 962 2610 ;

227 2618 290 2680 Qui
304 2618 384 2677 locus
398 2638 414 2676 a
429 2619 493 2678 lorti
506 2619 646 2678 Diomede
659 2631 703 2678 est
716 2621 849 2680 conditus
862 2621 939 2680 olim.

229 2697 378 2756 Flentibus
392 2698 441 2755 hic
455 2699 559 2758 Varius
573 2699 695 2758 discedit
709 2711 826 2758 moestus
840 2701 948 2760 amicis.

268 2773 342 2834 Indd
357 2777 460 2834 Rubos
472 2778 538 2835 sessi
552 2779 741 2852 pervenimus,
756 2790 852 2854 utpote
866 2779 982 2853 longum
1137 2773 1179 2836 Ψ)

229 2856 388 2930 Carpeutes
401 2856 463 2926 iter,
477 2866 506 2912 et
519 2856 626 2912 iactum
640 2857 799 2930 corruptius
813 2851 910 2914 imbrii

229 2933 347 2991 Postera
360 2942 511 3006 tempestas
525 2932 639 3000 melion
661 2935 706 2990 via
719 2934 796 3008 pejor
810 2934 846 2992 ad
860 2953 950 3010 usque

230 3010 298 3070 Bari
312 3010 418 3070 sumnia
431 3010 542 3086 piscosi.
585 3010 699 3068 Dehinc
712 3012 829 3084 Gnatia,
842 3012 964 3088 lymphis

230 3091 314 3150 Iratis
327 3100 480 3161 exstructa,
494 3089 573 3150 dedit
586 3090 715 3168 risusque
727 3089 862 3164 jocosque
873 3112 880 3159 ;

229 3171 318 3244 Dum,
332 3169 447 3227 flammai
461 3169 533 3240 siue,
548 3169 631 3226 thura
644 3169 802 3242 liquescere
815 3168 914 3227 limine
928 3185 1010 3226 sacro
1138 3169 1178 3228 95

229 3250 406 3309 Persuadere
419 3249 514 3325 cupit:
536 3248 634 3306 credat
646 3246 665 3304 J
667 3247 767 3304 udaeus
780 3247 892 3324 Apella,

229 3329 298 3388 Nou
312 3349 382 3407 ego;
404 3346 527 3404 natuque
542 3327 610 3386 deos
624 3326 714 3386 didici
727 3345 861 3385 securum
875 3345 960 3404 agere
974 3342 1085 3395 terum3

229 3408 305 3482 Nec,
319 3409 343 3466 si
356 3409 424 3483 quid
437 3407 502 3466 miri
517 3407 602 3467 saciat
616 3418 727 3479 natura,
741 3407 810 3465 deos
824 3407 854 3464 id

230 3487 342 3546 Tristes
355 3507 391 3544 ex
404 3487 461 3546 alto
473 3487 540 3546 coeli
554 3487 702 3546 demittere
717 3498 801 3544 tecto.

231 3565 425 3624 Brundusium
439 3567 531 3643 louge
545 3566 610 3625 finis
623 3568 785 3640 claartaeque
799 3564 919 3642 sieque.
1121 3567 1177 3626 10⁰
