2756 4366
524 369 554 426 o.
572 367 718 420 nonant
736 370 859 420 nascor
891 361 893 368 ⁴

359 513 404 572 Sit
416 512 517 571 modus
529 511 604 568 lasso
616 512 712 584 maris,
727 523 755 570 et
769 513 888 586 viarum,
986 525 989 534 ⁴

515 589 699 666 Militiaequel

357 669 441 729 Unde
455 669 479 727 si
493 664 591 727 Pnroae
604 669 755 744 prohibent
769 668 883 744 inique,

355 747 450 806 Dulce
463 748 567 825 pellitis
580 748 679 805 ovibus
692 747 797 805 Galaesi

356 826 490 900 Flumen,
503 838 532 884 et
544 837 662 902 regnata
675 837 770 902 petam
783 825 892 885 Laconi
1010 887 1012 892 ,

427 915 429 920 ’
492 905 598 963 Δ-Ιὶιιῐα
611 906 758 968 Phalanto,
848 911 850 916 ’

356 982 410 1042 Ille
424 994 562 1048 terrarum
576 983 649 1042 mihi
657 995 760 1061 preter
774 1002 876 1044 omnes

356 1063 492 1138 Angulus
505 1064 589 1136 ridet,
602 1065 651 1121 ubi
665 1083 725 1120 non
739 1062 876 1137 Hymetto

356 1139 445 1198 Mella
459 1141 613 1214 decedunt,
627 1142 764 1216 viridique
778 1152 869 1199 certat

514 1220 610 1277 Baoea
623 1221 764 1286 Venafro;

356 1296 416 1354 Ver
430 1297 480 1354 nbi
493 1297 620 1372 longum,
635 1297 799 1372 tepidasque
812 1296 921 1372 prebet

355 1373 467 1450 Jupiter
480 1375 610 1444 brumas;
631 1385 661 1432 et
674 1375 783 1432 amicus
797 1375 895 1434 Aulon

355 1451 455 1510 Fertili
469 1453 585 1512 Boooho
598 1451 749 1512 minimum
762 1452 893 1512 Falernis
992 1515 995 1520 ,

513 1530 629 1591 Invidet
642 1533 712 1592 uvis

356 1610 409 1668 Ille
422 1621 450 1670 te
464 1629 578 1670 meeum
590 1613 673 1671 loeus
684 1623 714 1670 et
727 1612 817 1670 beate

354 1689 503 1750 Postulant
516 1707 612 1750 eroes:
634 1692 673 1750 ibi
686 1703 718 1749 tu
732 1691 875 1750 calentem

355 1767 461 1828 Dabat
473 1789 589 1846 sparges
603 1771 729 1846 laerymd
742 1769 880 1828 favillam·
981 1801 984 1806 Δ

513 1848 596 1909 Votis
610 1849 704 1908 amici.

623 2158 708 2220 ODE
722 2160 758 2218 V.

580 2293 620 2332 An
633 2292 799 2334 Pomrnlum.

354 2393 383 2452 Ο
396 2413 477 2453 sinen
492 2411 606 2452 meeum
619 2393 774 2470 tempus·in
789 2393 920 2454 ultimum

354 2471 496 2545 Deduote‚
510 2471 599 2531 Bruto
612 2473 720 2532 militiae
734 2473 818 2545 duee,

393 2552 470 2614 Quis
483 2563 512 2609 te
525 2553 671 2610 redonavit
684 2551 830 2620 Quiritem

432 2630 487 2688 Dis
500 2630 610 2709 patriis,
625 2629 753 2704 Italoque
767 2630 850 2703 ooelo,

354 2709 482 2787 Pompei,
496 2727 624 2769 meorum
638 2709 728 2785 prime
742 2708 904 2766 sodaliuml

354 2790 430 2847 Cum
443 2808 499 2864 quo
512 2800 669 2848 morantem
683 2785 758 2863 saepe
774 2788 850 2846 diem
863 2806 943 2848 mero

393 2866 489 2944 Fregi‚
504 2879 655 2928 coronatus
668 2867 791 2924 nitentes

433 2945 612 3006 Malobathro
626 2946 708 3021 Syrio
722 2945 861 3021 capillosl

354 3025 468 3084 Tecum
481 3028 626 3103 Philippos
636 3036 665 3083 et
679 3025 801 3081 celerem
816 3025 914 3102 lugam

355 3104 449 3178 Sensi,
463 3107 563 3164 relicti
576 3124 634 3162 non
648 3105 722 3160 bene
734 3103 875 3179 permulti,

393 3183 496 3245 Quum
511 3185 599 3243 fracta
612 3185 700 3241 virtus
714 3193 743 3240 et
756 3182 884 3239 minaces

433 3262 533 3340 Turpe
547 3264 637 3322 solum
651 3259 770 3337 tetigere
785 3271 889 3319 mento.

355 3343 413 3400 Sed
427 3361 473 3400 me
486 3362 536 3418 per
550 3345 645 3400 hostes
659 3339 821 3397 Mercurius
834 3339 910 3396 oeler

355 3418 453 3478 Denso
466 3434 615 3497 paventem
630 3419 743 3477 sustulit
757 3423 838 3475 aere:

393 3497 439 3556 Te
454 3518 552 3557 rursus
566 3501 595 3557 in
610 3498 716 3556 bellum
730 3497 878 3556 resorbens

432 3575 517 3636 Unda
530 3580 608 3637 fretis
621 3577 686 3636 tulit
700 3577 836 3634 aestuosis

353 3651 431 3728 Ergo
443 3655 596 3731 obligatam
609 3657 697 3715 redde
711 3655 903 3730 lovi-dapem,

354 3729 509 3806 longique
524 3735 629 3793 sessum
643 3733 743 3792 militit
756 3733 830 3790 latus

394 3808 513 3885 Depone
528 3814 582 3869 sub
595 3814 674 3871 lauro
688 3813 767 3870 meti:
788 3830 844 3868 neo

433 3887 522 3941 Parae
536 3892 615 3948 cadis
628 3892 680 3948 tibi
694 3890 848 3949 destinatis.
