2756 4366
508 334 538 390 Q.
557 333 703 383 lIORATll
720 335 852 385 FLACCI.

386 475 492 534 Tutelr
506 478 629 534 Saturno
643 477 786 553 refulgens

424 555 545 631 Eripuit,¹
560 555 736 632 volucrisque
751 556 799 614 feti

345 633 484 692 Terdevit
496 634 564 707 eles,
579 653 665 710 quum
679 636 800 711 populus
813 635 945 712 frequens

344 711 458 770 Letum
470 713 588 770 theatris
601 725 644 772 ter
658 715 770 790 crepuit
783 734 904 773 sonum:

384 789 434 848 Me
448 801 568 849 truncus
581 792 696 868 illapsus
710 794 826 852 cerebro

424 869 593 943 Sustuleret,
603 871 663 928 'nisi
677 871 795 929 Faunus
808 873 898 930 ictum

343 946 452 1006 Dextri
465 947 597 1022 levisset,
611 948 827 1010 Mercurialium

343 1025 448 1084 Custos
462 1028 595 1085 virorum.
638 1029 774 1087 Reddere
788 1030 917 1088 victimas

383 1101 545 1180 AEdemque
558 1107 681 1168 votivam
695 1120 857 1166 memento:

311 1237 320 1252 ,
421 1181 484 1242 Nos
498 1185 635 1243 humilem
649 1187 783 1244 feriemus
797 1206 911 1263 agnum.

593 1532 677 1594 ODE
696 1535 765 1596 XV.
799 1627 806 1637 κ

499 1652 529 1710 N
533 1673 573 1711 orr
586 1655 667 1727 ebur,
681 1674 773 1731 neque
788 1675 906 1716 aureum
999 1706 1005 1717 .

257 1761 258 1770 ¹
343 1731 412 1791 Met
426 1732 537 1791 renidet
550 1733 580 1791 in
595 1731 679 1790 domo
692 1733 826 1792 lacunar:

502 1808 571 1867 Non
585 1811 679 1867 trebes
690 1811 845 1885 Hymettiae

342 1888 481 1948 Premunt
494 1888 643 1947 columnas
657 1889 757 1946 ultimi
771 1891 877 1950 recisus

501 1966 616 2024 Atrion:
637 1985 730 2042 neque
746 1969 836 2028 Attuli

342 2044 462 2123 Ignotus
475 2045 565 2103 hoeres
579 2047 686 2122 regiam
700 2049 851 2123 occupavi:

499 2122 564 2180 Nec
579 2123 738 2180 Laconicas
751 2126 821 2181 mihi

341 2199 475 2258 Trahunt
488 2199 613 2256 houestae
626 2219 765 2274 purpuras
778 2202 898 2260 clientae.

497 2278 539 2335 Ar
552 2277 622 2334 lidos
636 2289 665 2334 et
679 2277 776 2354 ingeni

339 2356 470 2434 Benigne
483 2376 555 2415 rene
567 2367 609 2414 est
616 2377 623 2427 ;
645 2376 854 2434 pauperemque
868 2360 946 2420 dives

498 2434 548 2494 Me
561 2437 646 2512 petit:
667 2436 738 2496 nihil
750 2436 836 2515 suprd

340 2513 418 2572 Deos
431 2513 555 2584 lacesso;
576 2534 631 2572 nec
645 2526 789 2590 potentem
803 2517 928 2576 amicum

497 2592 633 2669 Largiora
646 2594 751 2668 flagito,

340 2666 417 2728 Satis
429 2671 528 2729 beatus
541 2672 635 2729 unicis
651 2673 774 2730 Sabinis.

497 2748 637 2808 Truditur
649 2752 710 2808 dies
730 2753 786 2824 die,

338 2826 483 2903 Novaeque
496 2840 619 2905 pergunt
632 2829 747 2888 interire
761 2831 850 2888 lunae:

497 2907 545 2964 Tu
559 2909 684 2967 secanda
698 2928 839 2968 marmora

339 2984 432 3043 Iocus
445 2986 498 3043 sub
510 2986 604 3062 ipsum
618 2987 717 3056 sunus;
738 3000 777 3059 et,
791 2989 915 3064 sepulcri

496 3064 659 3138 Immemor,
674 3067 758 3123 struis
772 3067 885 3137 dom0s;

339 3140 484 3220 Marisque
498 3143 575 3202 Baiis
588 3146 776 3219 obstrepentis
790 3165 874 3221 urges

498 3223 672 3280 Submovere
686 3223 788 3294 littora,

339 3299 442 3358 Parum
456 3299 582 3375 locuples
596 3302 759 3358 continente
773 3301 842 3377 ripri.

496 3377 597 3439 Quidr
618 3380 694 3453 quod
708 3399 796 3455 usque
809 3382 950 3456 proximos

338 3455 464 3514 Revellis
478 3455 538 3531 agri
552 3458 696 3530 terminos,
711 3470 740 3516 et
753 3459 827 3518 ultre

495 3535 615 3594 Limites
629 3537 775 3595 clientium

338 3610 411 3668 Sulis
424 3630 538 3683 evurus;
559 3614 670 3690 pellitur
683 3628 815 3692 paternos

495 3689 531 3748 In
546 3693 610 3751 sinu
624 3695 717 3754 ferens
729 3697 798 3752 deos

338 3763 467 3840 Eruitur,
481 3780 511 3826 et
525 3771 576 3843 vir,
590 3774 771 3848 sordidosque
784 3776 884 3832 netosl-

494 3847 584 3908 Nulla
598 3852 699 3910 certior
712 3862 817 3923 tamen,
