2756 4366
479 289 510 346 Q.
527 287 674 338 flottam
690 285 815 338 FLAOGI
879 314 884 326 .

546 507 632 568 ODE
651 507 749 570 XXV.

540 645 581 684 An
595 645 752 686 munitum.

310 745 339 804 Ο
351 721 459 803 Venus
484 729 584 822 regilra
596 745 686 802 Gnidi
700 741 855 821 Paphique,

311 826 420 900 Sperne
434 786 567 881 dilectam
582 820 707 900 Cypron,
721 835 750 882 et
763 823 890 882 vocantis

311 903 414 963 Thure
427 913 456 962 te
469 903 560 960 intuto
569 903 699 978 Glycerae
713 904 846 961 decoram

549 979 687 1040 Transfer
701 982 731 1040 in
746 983 845 1038 adem.

311 1059 449 1118 Fervidus
462 1070 559 1116 tecum
572 1079 653 1134 puer,
667 1071 697 1116 et
710 1061 809 1117 solutis

310 1138 417 1195 Gratiae
431 1138 524 1209 zonis,
536 1149 742 1214 properentque
757 1137 909 1213 Nymphae,

311 1216 350 1274 Et
362 1235 464 1293 parum
477 1217 567 1274 comis
579 1217 641 1273 sine
655 1228 683 1272 te
697 1217 844 1291 luventas,

547 1293 772 1368 Mercuriusque.

539 1603 623 1664 ODE
643 1605 758 1665 XXVI.

530 1742 570 1781 An
584 1742 766 1783 APOLLINEM.

313 1842 399 1906 Qum
412 1841 576 1899 dedicatum
590 1841 681 1917 poscit
695 1841 860 1916 Apollinem

313 1922 422 1982 Vatesl
442 1919 511 1994 quid
523 1929 597 1990 orat,
609 1920 757 1995 deputem
770 1940 874 1978 novum

316 1993 322 2001 ’
352 2000 490 2057 Fundens
504 1998 661 2073 liquorem?
700 1997 768 2056 Non
781 1997 890 2075 opimas

339 2137 342 2140 ,
394 2077 533 2136 Sardiniae
548 2088 659 2152 segetes
672 2077 790 2147 feracis3

313 2157 382 2216 Non
396 2167 523 2212 aestuosae
537 2165 618 2228 grata
632 2155 771 2210 Calabriae

314 2237 471 2301 Armenta;
493 2249 552 2288 non
566 2249 667 2288 aumm
681 2241 729 2288 aut
742 2232 813 2289 ebur
826 2231 960 2292 Indicum
971 2255 979 2305 ;

352 2311 420 2369 Non
434 2329 501 2366 rura
512 2328 574 2384 quae
588 2309 663 2366 Liris
675 2310 772 2386 quieti

394 2389 509 2446 Mordet
522 2389 605 2464 aqua,
619 2390 778 2448 taciturnus
792 2392 892 2450 amnis.

314 2471 449 2529 Premant
463 2468 573 2526 Calena
587 2467 670 2541 falce,
684 2470 785 2544 quibus
799 2471 878 2528 dedit

314 2549 451 2618 Fortuna,
466 2547 568 2604 vitem:
583 2548 661 2604 dives
675 2559 704 2604 et
717 2549 810 2606 aureis

355 2627 499 2684 Mercator
513 2625 638 2682 exsiccet
651 2627 764 2684 culullis

392 2703 469 2762 Vina
483 2704 556 2779 Syria
569 2715 698 2780 reparata
711 2724 816 2778 merce,

287 2825 290 2834 ,
314 2783 369 2843 Dis
383 2801 465 2841 carus
479 2784 563 2859 ipsis;
584 2784 688 2860 quippe
702 2795 744 2841 ter
758 2795 787 2842 et
799 2794 898 2860 quater

315 2865 403 2922 Anno
417 2863 542 2920 revisens
557 2881 651 2937 aequor
665 2863 843 2934 Atlanticum

354 2939 487 3018 Impune.
529 2940 579 2997 Me
592 2953 712 3017 pascant
731 2943 822 3015 olive,
909 2997 910 3000 ,

394 3023 444 3081 Me
458 3020 600 3093 cichorea,
613 3020 745 3095 levesque
758 3021 866 3079 malva.

316 3101 386 3159 Frui
399 3100 503 3178 paratis
516 3110 546 3157 et
559 3098 651 3156 valido
664 3099 745 3174 mihi,

316 3180 417 3255 Letoi,
432 3182 531 3252 dones,
545 3188 583 3250 et,
594 3197 704 3256 precor,
719 3179 832 3256 integra

356 3261 431 3320 Cum
445 3269 556 3328 mente3
576 3277 632 3316 nec
645 3268 757 3336 turpem
771 3269 916 3318 senectam

394 3335 517 3416 Degere,
531 3355 586 3394 nec
599 3337 710 3395 cithari
724 3348 877 3395 carentem.
