2756 4366
511 284 542 340 Q.
559 275 705 332 Hortarii
721 283 845 334 staec!

342 426 448 492 Pacem
461 424 556 483 duello
566 427 688 486 miscuit.
718 425 866 502 Opudor!

380 502 409 560 Ο
422 521 526 578 magna
538 502 692 580 Carthago,
707 505 848 580 probrosis

420 581 512 638 Altior
527 582 616 639 Italia
630 583 720 639 ruinis
729 585 755 639 !”

341 658 443 720 Fertur
456 661 567 735 pudice
581 661 712 735 conjugis
724 661 864 733 osculum,

342 736 502 812 Parvosque
515 749 605 809 natos,
620 749 651 795 ut
665 738 764 813 capitis
777 740 879 811 minor,

381 815 429 878 Ab
442 835 473 872 se
486 817 647 888 removisse,
661 828 690 874 et
703 817 810 874 virilem

420 892 533 951 Torvus
546 895 626 951 humi
638 895 766 971 posuisse
779 895 903 953 vultum:

341 969 442 1030 Donec
455 972 586 1030 labantes
597 973 717 1031 consilio
730 984 823 1049 patres
852 999 855 1004 ·

340 1050 481 1108 Firmaret
494 1062 592 1109 auctor
606 1070 750 1127 nunquam
764 1049 835 1110 aliis
848 1052 924 1123 dato,

380 1128 514 1202 Interque
528 1139 679 1186 moerentes
693 1130 800 1187 amieos
912 1167 914 1174 ·

417 1206 558 1282 Egregius
571 1220 734 1284 properaret
746 1209 835 1266 exsul.

340 1285 429 1360 Atqui
443 1285 551 1342 sciebat
564 1304 626 1359 quae
640 1286 693 1341 sibi
707 1287 842 1342 barbarus

339 1363 443 1421 Tortor
453 1373 583 1438 pararet:
604 1382 661 1420 non
676 1363 755 1420 aliter
768 1373 865 1420 tamen

378 1440 504 1498 Dimovit
516 1441 660 1498 obstantes
692 1441 874 1518 propinquos,

416 1519 455 1577 Et
467 1520 602 1596 populum
615 1519 722 1576 reditus
735 1531 902 1591 morantem,
918 1571 920 1578 .

339 1595 437 1659 Quum
452 1598 477 1655 si
490 1598 628 1656 clientum
641 1599 727 1674 longa
740 1599 854 1674 negotia

338 1675 504 1752 Dijudicats
517 1678 565 1734 lite
579 1678 761 1751 relinqueret,

378 1753 518 1814 Tendens
531 1756 709 1813 Venafranos
722 1758 753 1814 in
767 1775 859 1831 agros,

416 1833 478 1891 Aut
491 1833 740 1892 Laeedaemonium
755 1834 922 1892 Tarentum.
967 1881 970 1886 r

591 2148 675 2206 ODE
695 2148 749 2205 v1.

572 2281 612 2320 an
626 2282 778 2350 nonanes.

336 2383 472 2440 Dauara
486 2383 622 2459 majorum
637 2382 794 2439 immeritus
805 2381 880 2454 lues,

335 2461 478 2534 Romane,
494 2464 587 2520 donec
600 2461 705 2536 templa
718 2461 861 2532 refeceris,

373 2541 520 2616 AEdesque
533 2541 661 2598 labentes
674 2541 803 2610 deorum,
817 2549 845 2596 et
890 2549 891 2554 ’

414 2619 504 2676 Foeda
516 2619 599 2694 nigro
609 2617 761 2675 simulacra
775 2618 861 2674 sumo.

335 2695 389 2754 Dis
402 2707 431 2754 te
443 2697 580 2754 minorem
595 2693 672 2771 quod
685 2696 770 2772 geris,
784 2695 924 2770 imperas:

335 2775 414 2832 Hinc
427 2794 511 2832 omne
523 2775 704 2851 principium,
719 2775 776 2831 huc
784 2774 862 2832 refer
875 2774 991 2832 exitum

373 2852 413 2911 Di
426 2853 516 2909 multa
529 2853 653 2928 neglecti
664 2853 804 2910 dederunt

413 2931 560 3006 Hesperiae
574 2931 649 2987 maia
662 2931 807 2987 luctuosae.
860 2938 864 2942 '

334 3009 353 3066 J
354 3027 400 3066 am
413 3010 457 3066 bis
470 3008 613 3068 Monaeses
626 3020 655 3066 et
669 3009 770 3066 Pacori
783 3027 886 3066 manus

334 3087 402 3146 Non
416 3088 574 3164 auspicatos
587 3088 717 3146 contudit
727 3087 849 3162 impetus

373 3166 503 3238 Nostros,
517 3178 546 3224 et
559 3166 698 3241 adjecisse
710 3166 837 3241 praedam

410 3243 574 3320 Torquibus
587 3243 697 3320 exiguis
709 3245 830 3302 renidet.

333 3321 411 3381 Pena
425 3334 593 3398 occupatam
608 3322 795 3380 seditionibus

332 3400 445 3458 Delevit
458 3402 557 3459 urbem
571 3400 668 3458 Dacus
682 3412 711 3458 et
726 3400 877 3477 AEthiops3
942 3473 944 3480 Ι

372 3478 432 3536 Hic
445 3479 536 3537 classe
550 3479 725 3551 formidatus,
738 3480 789 3537 iile

410 3555 567 3616 Missilibus
580 3559 677 3616 melior
692 3559 810 3634 sagittis.

333 3631 481 3692 Foecunda
495 3637 586 3712 culpas
600 3637 704 3695 saeeula
717 3638 832 3713 nuptias

331 3709 459 3768 Primum
474 3714 657 3788 inquinavere
671 3727 700 3773 et
712 3733 804 3790 genus
817 3724 846 3772 et
860 3715 975 3771 domos:

371 3787 437 3847 Hoc
450 3791 527 3851 fonte
540 3793 665 3854 derivate
678 3794 774 3852 clades
