2704 4362
478 339 725 392 EPISTOLARUM
742 339 807 390 LIB.
826 339 861 390 11.
879 343 903 390 2.

225 485 317 558 Idem,
333 483 419 542 finitis
432 486 533 543 studiis
546 496 575 542 et
588 496 683 542 mente
698 485 823 560 receptd,

225 565 365 623 Obturem
378 565 488 638 patulas
502 561 618 639 impune
634 564 795 639 legentibus
809 579 899 620 aures,
972 581 975 586 ·

259 642 407 700 'Ridentur
422 643 495 700 mala
509 643 557 717 qui
571 653 746 717 componunt
760 643 903 700 carmina:
924 639 1023 700 verum

224 722 358 778 Gaudent
371 723 538 792 scribentes,
552 731 581 778 et
595 739 626 777 se
639 731 818 790 venerantur,
832 732 861 778 et
876 721 957 794 ultro,

205 831 207 835 ·
226 801 257 858 Si
271 811 378 871 taceae,
392 800 519 871 laudant,
534 799 671 874 quidquid
686 797 835 875 scripsere,
851 800 934 856 beati.

225 881 275 951 At,
289 879 337 953 qui
351 878 510 953 legitimum
525 879 620 953 cupiet
634 878 735 934 secisse
749 882 863 952 poema,
929 901 934 906 ·
1017 879 1021 882 ’

188 997 190 1001 -
225 959 301 1014 Cum
315 957 419 1014 tabulis
433 957 560 1014 animum
575 957 701 1014 censoris
715 966 808 1013 sumet
821 958 949 1028 honesti3

227 1036 355 1093 Audebit
368 1054 544 1110 quascunque
557 1055 657 1110 parurn
672 1035 828 1111 splendoris
843 1037 996 1108 habebunt,

226 1115 264 1172 Et
278 1116 340 1171 sine
353 1115 479 1190 pondere
493 1125 585 1185 erunt,
600 1126 629 1171 et
643 1116 749 1171 honore
765 1115 881 1190 indigna
896 1116 1029 1188 serentur,

226 1194 323 1251 Verba
337 1212 449 1252 movere
463 1194 535 1264 loco,
550 1193 677 1268 quamvis
691 1195 779 1250 invita
793 1195 938 1266 recedant,
969 1242 972 1250 ,

220 1271 263 1330 Et
277 1283 424 1330 versentur
438 1273 532 1329 adhuc
546 1272 621 1330 intra
635 1273 790 1348 penetralia
806 1273 909 1330 Vestae.

123 1389 126 1397 ι
223 1351 384 1409 Obscurata
397 1353 447 1408 diu
460 1352 563 1428 populo
577 1352 668 1409 bonus
682 1364 772 1424 eruet,
787 1363 887 1427 atque¹

224 1431 352 1489 Proferet
366 1431 396 1487 in
411 1432 504 1487 lucem
519 1432 647 1506 speciosa
661 1431 797 1488 vocabula
808 1451 915 1503 rerum,

222 1511 311 1581 Quae,
325 1510 425 1584 priscis
439 1521 594 1566 memorata
607 1509 764 1566 Catonibus
779 1521 861 1584 atque
876 1509 1021 1584 Cethegis

224 1589 314 1646 Nunc
329 1588 399 1645 situs
414 1588 540 1644 informis
553 1588 655 1663 premit
669 1598 697 1644 et
711 1589 822 1664 deserta
836 1598 975 1645 vetustus:

226 1667 379 1724 Adsciscet
393 1679 475 1737 nora,
489 1685 552 1740 quae
567 1667 677 1740 genitor
691 1667 853 1740 produxerit
866 1685 942 1722 usus.

225 1745 391 1802 Vehemens
401 1755 430 1800 et
443 1744 575 1818 liquidus,
590 1763 714 1818 puroque
729 1744 886 1800 simillimus
902 1745 988 1815 amni,

226 1822 342 1880 Fundet
355 1843 432 1898 opes,
447 1821 616 1896 Latiumque
631 1821 726 1879 beabit
740 1823 824 1878 divite
837 1823 944 1898 linguai.

225 1902 413 1959 Luxuriantia
426 1912 598 1977 compescet,
614 1901 697 1957 nimis
712 1921 810 1976 aspero
824 1921 892 1958 sano

151 2022 153 2028 -
225 1981 345 2039 Levebit
358 1982 446 2052 cultu,
461 1983 562 2038 virtute
577 1981 703 2037 carentia
717 1981 812 2038 tollet:
848 2015 851 2020 -

225 2061 366 2118 Ludentis
379 2061 504 2136 speciem
519 2056 605 2132 dabit,
621 2072 649 2117 et
663 2061 846 2134 torquebitur,
861 2071 891 2118 ut
906 2061 953 2136 qui

224 2139 254 2196 N
257 2158 314 2195 uno
329 2139 471 2214 Satyrum,
487 2158 564 2195 nunc
580 2150 719 2214 agrestem
735 2138 861 2214 Cyclopa
876 2152 1010 2198 movetur.

264 2218 440 2275 Praetulerim
455 2219 573 2293 scriptor
588 2219 698 2278 delirus,
707 2218 838 2293 inersque
854 2220 951 2290 videri,

224 2297 302 2354 Dum
319 2317 381 2354 mea
394 2297 537 2354 delectent
552 2299 625 2354 mala
640 2317 695 2368 me,
711 2298 753 2353 vel
768 2298 890 2373 denique
905 2299 1013 2371 fallant,

224 2375 322 2438 Quem
338 2395 445 2451 sapere,
460 2388 488 2434 et
502 2378 584 2452 ringi.
626 2376 693 2433 Fuit
707 2377 783 2432 haud
798 2378 930 2452 ignobilis
945 2380 1041 2455 Argis,
1136 2385 1137 2390 ’

224 2456 286 2517 Qui
300 2475 329 2512 se
344 2457 478 2512 credebat
492 2456 576 2512 miros
592 2456 689 2512 audire
704 2457 854 2531 tragoedos,

225 2534 261 2591 In
277 2553 366 2592 vacuo
379 2535 460 2592 laetus
475 2555 566 2598 sessor
577 2535 744 2611 plausorque
759 2537 883 2608 theatr03

224 2613 335 2670 Caetera
349 2613 397 2688 qui
412 2615 474 2671 vitae
489 2627 611 2672 servaret
626 2617 721 2672 munia
735 2627 812 2673 recto

225 2691 323 2756 More3
345 2693 435 2749 bonus
450 2691 518 2750 sane
534 2695 653 2766 vicinae,
669 2686 797 2751 amabilis
811 2696 921 2770 hospeS,

209 2772 323 2827 'Cernis
337 2772 367 2827 in
382 2790 514 2840 uxorem3
536 2787 630 2847 posset
644 2773 691 2846 qui
706 2775 854 2847 ignoscere
868 2775 965 2846 serviS,

135 2892 139 2899 .
225 2849 263 2905 Et
277 2850 358 2923 signo
372 2849 439 2905 laeso
452 2869 510 2905 non
524 2851 648 2906 insanire
663 2850 786 2924 lagenae;

225 2927 324 2983 Posset
337 2927 386 3000 qui
401 2945 499 3000 rupem
514 2937 543 2982 et
555 2938 672 3002 puteum
688 2929 774 2984 vitare
788 2939 940 3004 patentem.

226 3005 284 3062 Hic
298 3006 356 3076 ubi,
372 3017 557 3080 cognatorum
571 3005 671 3080 opibus
686 3007 815 3080 curisque
829 3008 961 3080 refectuS,

224 3084 341 3160 Expulit
354 3085 479 3141 elleboro
492 3084 621 3140 morbum
636 3083 776 3158 bilemque
790 3104 913 3157 meraco,

224 3163 262 3221 Et
275 3164 348 3221 redit
362 3164 397 3220 ad
412 3182 490 3220 sese:
513 3166 530 3192 “
543 3163 605 3234 Pol,
621 3181 665 3218 me
679 3163 832 3234 occidistis,
848 3164 941 3236 amici,

224 3242 292 3302 Non
307 3243 467 3314 servdstiS,’'
483 3242 533 3314 ait,¹
546 3246 563 3272 “
574 3242 621 3298 cui
635 3243 676 3299 sic
690 3253 799 3300 extorta
813 3242 948 3318 voluptas,

224 3321 261 3379 Et
275 3324 406 3398 demptus
419 3342 468 3398 per
482 3323 538 3379 vim
553 3321 655 3378 mentis
669 3323 844 3398 gratissimus
858 3323 963 3379 error.'’

263 3400 408 3458 Nimirum
423 3421 521 3478 sapere
535 3412 579 3458 est
593 3401 709 3478 abjectis
724 3402 792 3459 utile
806 3401 900 3477 nugis,

225 3477 263 3535 Et
276 3481 471 3554 tempestivum
486 3482 581 3556 pueris
595 3481 753 3537 concedere
768 3481 865 3537 ludum
878 3499 885 3549 ;

225 3557 271 3613 Ac
285 3577 343 3613 non
357 3560 441 3615 verba
455 3560 533 3635 sequi
549 3560 651 3616 lidibus
666 3559 838 3615 modulanda
852 3558 973 3632 Latinis,

226 3635 370 3692 Sed-verre
385 3655 572 3714 numerosque
586 3638 739 3712 modosque
754 3638 881 3694 ediscere
895 3639 966 3696 vitae.

224 3711 371 3775 Quocirca
385 3734 498 3772 mecum
512 3718 608 3792 loquor
623 3717 695 3786 baec,
710 3715 868 3790 tacitusque
882 3719 1031 3776 recordor:
1115 3720 1170 3777 145

218 3797 243 3826 '⁶‘
259 3794 291 3849 Si
304 3793 355 3850 tibi
371 3793 448 3849 nulla
461 3793 535 3850 sitim
547 3796 640 3852 finiret
654 3795 736 3870 copia
749 3795 880 3872 lymphae,

164 3881 166 3886 ’
223 3871 362 3931 Narrares
376 3873 510 3932 medicis:
531 3871 609 3948 quod
623 3871 728 3949 quantd
744 3875 825 3950 plura
838 3876 952 3952 pardsti,
