2706 4362
496 355 499 363 .
521 317 553 374 Q.
571 313 718 365 nonam
735 311 861 365 succi

533 535 737 596 EPISTOLA
758 535 845 596 XIX.

558 678 599 716 AD
613 676 821 716 MEGENATEM.

234 775 346 836 Perseo
360 777 384 835 si
397 778 502 848 credis,
515 775 662 835 Mecenas
676 777 769 848 docte,
784 776 911 848 Cratino,

234 856 323 914 Nulla
336 857 447 934 placere
462 857 511 913 diu
526 875 581 914 nec
595 857 688 915 virere
702 855 829 913 carmina
841 866 969 931 pomum,
1067 892 1069 900 ι

233 935 310 997 Quae
324 937 488 996 scribuntur
500 953 579 1012 aque
592 934 753 1012 potoribus:
774 947 805 992 ut
819 931 893 992 meld
907 952 991 992 sanos

234 1015 395 1091 Adscripsit
410 1015 496 1072 Liber
510 1015 619 1090 Satyris
633 1013 796 1088 Faunisque
811 1018 919 1089 politas,

234 1093 311 1151 Vina
325 1091 383 1152 ferd
399 1095 498 1152 dulces
510 1094 642 1152 oluerunt
655 1089 740 1150 mand
756 1093 911 1150 Camoenae.

233 1170 380 1230 Laudibus
394 1173 520 1250 arguitur
534 1173 592 1230 vini
607 1171 720 1229 vinosus
734 1171 894 1228 Homerus:

234 1251 345 1309 Ennius
359 1253 418 1327 ipse
432 1263 511 1328 pater
525 1269 680 1327 nunquam,
695 1251 750 1307 nisi
763 1261 855 1326 potus,
870 1251 906 1307 ad
921 1267 999 1308 arma

234 1329 366 1388 Prosiluit
380 1331 510 1388 dicenda.
553 1329 686 1386 “Forum
700 1329 851 1405 puteelque
865 1329 983 1388 Libonis

233 1406 378 1468 Mandabo
391 1409 486 1481 siccis,
501 1409 625 1466 adimam
639 1419 754 1466 cantare
769 1409 900 1466 severis.”

272 1487 338 1546 Hoc
352 1488 435 1545 simul
449 1489 547 1560 edixit,
562 1507 620 1546 non
635 1486 783 1545 cessavere
797 1492 890 1564 poetae

231 1565 382 1626 Nocturno
395 1579 504 1625 certare
518 1586 605 1639 mero,
621 1579 718 1642 putere
733 1566 843 1624 diurno.

230 1646 322 1719 Quid,
337 1647 361 1704 si
374 1647 439 1723 quis
451 1647 530 1704 vultu
544 1659 622 1704 torvo
636 1647 713 1704 serus
727 1656 755 1702 et
768 1647 840 1720 pede
854 1645 932 1702 nudo

232 1725 487 1803 Exiguaequetogae
501 1725 616 1784 simulet
629 1736 736 1782 textore
751 1724 901 1795 Catonem,

232 1804 412 1863 Virtutemne
427 1815 609 1882 representet
622 1823 769 1879 moresque
783 1803 924 1860 Catonisl

231 1884 322 1960 Rupit
336 1883 470 1942 Iarbitam
485 1884 654 1960 Timagenis
670 1883 772 1940 aemula
784 1882 891 1958 lingua,

230 1962 307 2020 Dum
322 1964 416 2020 studet
429 1964 565 2033 urbanus,
579 1964 725 2038 tenditque
739 1962 860 2018 disertus
874 1961 980 2019 haberi.

230 2041 345 2117 Decipit
358 2043 502 2118 exemplar
516 2043 590 2099 vitiis
604 2041 756 2099 imitabile:
777 2038 854 2116 qudd
869 2041 893 2097 si

230 2119 369 2177 Pallerem
385 2139 463 2191 casu,
478 2121 607 2178 biberent
620 2138 764 2195 exsangue
779 2120 934 2176 cuminum.

229 2198 257 2254 O
271 2198 434 2268 imitatores,
446 2217 555 2253 serrum
571 2216 668 2272 pecus,
684 2209 714 2254 ut
728 2198 796 2253 mihi
811 2195 887 2272 soepri

229 2277 329 2346 Bilem,
345 2273 419 2350 saepd
431 2275 538 2350 jocum,
553 2277 637 2332 vestri
653 2273 765 2333 mordre
779 2277 934 2333 tumultus!

267 2356 370 2413 Libera
385 2374 434 2430 per
448 2373 568 2411 vacuum
583 2355 664 2431 posui
678 2354 796 2429 vestigia.
808 2355 941 2431 princeps
949 2376 957 2426 ;

227 2434 256 2492 N
259 2455 295 2493 on
310 2434 402 2492 aliena
417 2453 481 2492 meo
493 2433 582 2509 pressi
597 2435 678 2510 pede.
718 2433 780 2494 Qui
794 2435 848 2490 sibi
862 2434 932 2507 fidit,

227 2512 294 2571 Dux
308 2514 380 2590 regit
393 2533 521 2572 examen.
564 2513 662 2571 Parios
675 2533 729 2589 ego
740 2513 848 2589 primus
862 2514 970 2571 iambos

226 2593 349 2651 Ostendi
364 2593 454 2664 Latio,
469 2611 603 2650 numeros
617 2593 781 2666 animosque
795 2603 931 2666 sequutus

227 2672 404 2742 Archilochi,
419 2691 476 2729 non
492 2691 538 2729 res
554 2682 583 2729 et
596 2672 710 2748 agentia
723 2671 808 2728 verba
821 2671 994 2744 Lycamben.

227 2753 283 2823 Ac,
298 2771 394 2808 neme
409 2751 484 2808 soliis
498 2751 563 2809 ideo
578 2751 751 2809 brevioribus
764 2769 848 2808 omes

226 2828 317 2891 Quod
331 2829 413 2888 timui
427 2841 537 2887 mutare
551 2831 650 2887 modos
664 2840 693 2887 et
706 2829 841 2887 carminis
855 2839 953 2901 artem,

227 2908 382 2986 Temperat
395 2910 561 2966 Archilochi
577 2907 690 2966 Musam
705 2909 777 2984 pede
791 2909 917 2966 mascula
931 2910 1058 2986 Sappho,

226 2987 382 3065 Temperat
397 2989 530 3045 Alcaeus:
552 2988 602 3045 sed
616 2989 701 3045 rebus
715 3000 744 3045 et
756 2988 856 3046 ordine
871 2988 965 3064 dispar
973 3009 981 3058 ;

226 3067 291 3126 Nec
305 3087 434 3126 socerum
447 3068 556 3142 quaerit,
571 3087 655 3142 quern
669 3067 795 3124 versibus
808 3067 917 3124 oblinat
931 3068 1016 3138 atris;

226 3147 291 3205 Nec
305 3167 414 3224 spousae
428 3148 559 3223 laqueum
575 3147 681 3204 famoso
695 3147 821 3204 carmine
836 3147 933 3204 nectit.

227 3226 315 3284 Hune
329 3246 392 3303 ego,
407 3246 464 3284 non
480 3227 536 3284 alio
550 3226 659 3283 dictum
673 3224 752 3300 prius
765 3244 824 3297 ore,
839 3224 949 3284 Latinis

226 3304 348 3381 Vulgari
363 3305 483 3367 fidicen:
501 3306 581 3381 juvat
594 3305 789 3361 immemorata
803 3305 939 3362 ferentem

226 3383 364 3458 Ingenuis
377 3385 524 3459 oculisque
539 3383 606 3458 legi,
616 3382 802 3458 manibusque
816 3384 916 3441 teneri.

267 3463 347 3521 Scire
362 3465 431 3522 velis
445 3482 572 3520 meacm
587 3463 713 3538 ingratus
726 3464 864 3537 opuscula
877 3463 966 3520 lector

226 3539 338 3600 Laudet
352 3554 482 3618 ametque
495 3543 582 3612 domi,
597 3552 706 3617 premat
719 3552 798 3599 extra
811 3541 898 3599 limen
914 3540 1052 3618 iniquusl.

226 3616 295 3674 Non
309 3637 363 3694 ego
377 3633 499 3679 ventose
512 3620 603 3697 plebis
617 3621 750 3696 suffragia
765 3639 850 3677 venor

227 3692 368 3770 Impensis
381 3718 526 3756 coenarum
540 3711 569 3757 et
582 3700 653 3757 tritae
667 3718 785 3755 munere
800 3699 897 3766 vestis;

227 3771 257 3830 N
259 3793 296 3830 on
309 3794 372 3850 ego,
386 3779 524 3834 nobilium
539 3779 706 3854 scriptorum
720 3776 830 3834 auditor
844 3788 871 3834 et
887 3778 970 3850 ultor,

228 3851 435 3910 Grammaticas
449 3854 555 3912 ambire
570 3857 660 3912 tribus
674 3867 703 3913 et
716 3855 823 3936 pulpita
836 3856 952 3933 dignor:
