2704 4362
167 341 223 402 ΠΕ
485 341 516 398 Q·
534 339 681 390 nostru
697 339 830 390 mccl.

204 481 261 540 Pes
274 481 363 553 citus;
385 483 462 541 unde
475 483 565 542 etium
575 482 710 542 trimetris
723 501 887 542 accrescere
898 483 982 561 jussit

205 560 319 618 Nomen
334 560 467 634 Iambeis‚
480 580 568 638 quum
582 580 666 619 senos
678 561 810 619 redderet
823 561 906 636 ictus,

204 639 317 697 Primus
330 639 367 697 nd
381 649 538 698 extremum
552 638 652 696 similis
666 639 736 697 sibi:
757 659 816 698 non
829 641 869 699 ita
880 640 1001 718 pridem,

204 717 326 776 Turdior
337 729 368 775 ut
381 715 467 795 pauld
480 719 646 796 graviorque
660 719 769 776 reniret
782 720 818 776 ad
832 738 925 793 eures,

205 796 353 872 Spondeos
363 796 477 856 stabiles
492 797 522 856 in
533 797 598 872 jure
610 807 728 873 paterne
741 798 849 874 recepit

204 875 381 934 Commodus
393 886 422 935 et
435 876 563 952 patiens;
584 894 642 935 non
657 886 688 933 ut
698 876 734 933 de
748 876 816 933 sede
827 879 954 936 secunus

204 952 329 1012 Cederet
342 964 391 1012 aut
403 954 503 1029 quertd
516 953 665 1014 socialiter.
707 953 766 1012 Hic
779 965 808 1014 et
821 954 852 1013 in
865 955 942 1016 Acci

162 1036 166 1044 '
205 1032 358 1103 Nobilibus
371 1033 506 1092 trimetris
519 1044 635 1110 apparet
647 1051 737 1106 rarus,
750 1044 780 1092 et
792 1032 880 1093 Enni.

203 1109 241 1169 In
254 1131 371 1170 scenam
385 1112 487 1170 missis
499 1131 603 1188 magno
613 1131 679 1170 curn
690 1110 814 1188 pondere
828 1131 934 1186 versus,

204 1191 266 1249 Aut
279 1209 372 1267 operae
386 1192 488 1250 celeris
501 1190 622 1250 nimium
635 1192 760 1267 eurique
774 1192 906 1264 careatis,

204 1269 266 1328 Aut
279 1270 413 1347 ignorate
427 1271 529 1347 premit
539 1270 606 1328 artis
619 1270 739 1327 mimine
752 1270 835 1346 turpi.

203 1346 272 1407 Non
284 1349 376 1424 quivis
388 1349 465 1406 ridet
478 1348 661 1406 immoduletu
673 1352 807 1424 poemate
817 1349 921 1424 judex;

203 1426 242 1485 Et
254 1428 321 1485 date
334 1427 474 1487 Romanis
487 1427 570 1486 venie
582 1438 626 1484 est
639 1427 756 1503 indigna
769 1429 869 1503 poetis.

203 1505 354 1564 Idcircoue
368 1524 462 1582 vager,
477 1506 654 1580 scribamque
668 1505 797 1578 licenter,
811 1516 842 1564 ut
855 1525 954 1566 omnes

203 1583 322 1642 Visuros
334 1596 453 1661 peccata
466 1596 563 1662 putem
578 1603 651 1656 mea,
665 1595 752 1657 tutus,
765 1595 795 1643 et
805 1585 878 1644 intra

204 1663 291 1738 Spem
301 1664 392 1722 venire
405 1666 529 1722 cautusl
570 1664 666 1722 Vitari
679 1663 802 1739 denique
816 1665 939 1742 culpam,

203 1741 271 1800 Non
285 1742 399 1802 leudem
414 1745 513 1802 merui.
555 1744 615 1806 Vos
626 1743 800 1819 exemplaria
812 1743 915 1802 Grece

203 1821 353 1880 Nocturni
368 1834 476 1881 versate
489 1842 587 1896 manu,
602 1834 710 1882 versate
724 1822 835 1881 diurni.

203 1900 245 1959 At
258 1901 341 1960 vestri
354 1902 450 1977 proavi
463 1901 611 1960 Plautinos
624 1913 653 1960 et
665 1921 798 1960 numeros
812 1913 841 1960 et

203 1978 370 2038 Laudardre
384 1980 467 2053 eules,
481 1978 602 2040 nimium
615 1982 754 2058 patienter
768 1993 929 2058 utrumque,

202 2057 251 2115 Ne
264 2059 359 2116 dicum
373 2057 468 2133 stultd,
479 2061 588 2130 mireti3
611 2061 635 2118 si
648 2059 733 2120 modd
747 2081 800 2138 ego
813 2072 842 2120 et
855 2079 905 2120 ros

203 2137 317 2196 Scimus
331 2138 502 2198 inurbanum
516 2139 610 2216 lepido
624 2159 760 2215 seponere
773 2141 860 2213 dioto,

202 2213 431 2293 legitimumque
445 2236 546 2275 sonum
560 2217 657 2294 digitis
670 2218 819 2294 callemus,
831 2231 861 2276 et
873 2239 948 2279 aure.

241 2293 375 2370 Ignotum
389 2295 521 2372 Trugicae
531 2314 622 2373 genus
635 2297 779 2354 invenisse
793 2297 938 2357 Camoenae

201 2371 313 2432 Dicitur
338 2386 368 2433 et
379 2375 510 2452 plaustris
523 2375 632 2433 rexisse
645 2379 778 2453 podmetn
791 2376 916 2454 Thespis

200 2451 263 2514 Qui
292 2465 429 2514 canerent
442 2466 613 2531 agerentque
627 2456 759 2530 peruncti
773 2455 891 2513 fecibus
903 2475 960 2514 ore.

201 2529 269 2588 Post
283 2533 370 2604 bunc,
384 2551 511 2608 persone
525 2533 662 2608 pallteque
675 2545 801 2610 repertor
814 2535 949 2608 honeste,

202 2607 366 2684 AEsobylus,
376 2620 406 2666 et
419 2611 539 2667 modicis
553 2611 681 2669 instravit
694 2612 802 2689 pulpita
814 2614 910 2689 tignis,

201 2687 239 2744 Et
249 2688 345 2746 docuit
356 2706 546 2764 magnumque
559 2690 636 2765 loqui
650 2691 756 2764 nitique
770 2691 917 2750 cothurno.

201 2766 347 2824 Successit
359 2778 441 2824 retus
455 2767 499 2824 bis
513 2768 672 2842 Comoedio,
688 2788 745 2827 non
760 2767 823 2826 sine
837 2770 928 2828 multi

200 2845 317 2915 Laude3
338 2847 386 2902 sed
401 2846 432 2904 in
446 2847 544 2905 vitium
558 2848 674 2906 libertus
687 2846 794 2905 excidit
807 2849 903 2906 etvini

199 2922 324 3000 Dignum
337 2923 400 3001 lege
414 2925 490 3002 regi:
511 2927 557 2984 lex
571 2939 615 2985 est
628 2938 755 3003 accepta,
767 2929 925 3003 chorusque

198 3002 333 3078 Turpiter
346 3003 475 3078 obticuit,
490 3004 600 3064 sublato
609 3006 673 3084 jure
686 3007 818 3064 nocendi.

239 3080 289 3139 Nil
303 3082 474 3141 intentatum
488 3085 575 3142 nostri
588 3084 697 3161 liquere
710 3089 820 3161 poete:

59 3180 72 3200 x
198 3160 263 3218 Nec
276 3161 425 3220 minimum
441 3162 571 3222 meruere
585 3165 682 3237 decus,
696 3165 815 3242 vestigia
827 3166 929 3224 Greci

199 3239 273 3297 Ausi
287 3241 418 3299 deserere
431 3253 460 3300 et
473 3242 617 3300 celebrere
630 3243 788 3302 domesticu
802 3245 887 3317 fecte,

199 3318 254 3376 Vel
267 3319 316 3395 qui
330 3330 489 3396 pretextae,
503 3321 547 3378 vel
560 3321 610 3396 qui
622 3320 749 3378 docudre
762 3334 879 3398 togatus.

200 3396 266 3455 Nec
278 3398 381 3457 virtute
395 3399 466 3458 foret
477 3399 597 3458 clarisve
610 3401 755 3474 potentius
769 3400 864 3472 armis,

199 3473 298 3536 Quum
313 3478 422 3554 lingui,
435 3478 560 3551 Latium,
574 3477 598 3535 si
611 3497 670 3535 non
683 3477 841 3536 offenderet
853 3496 956 3536 unum·

199 3571 338 3630 quemque
351 3560 499 3632 poetarum
513 3558 588 3616 lime
601 3557 680 3615 labor
693 3568 722 3615 et
735 3576 820 3616 mora.
861 3557 932 3630 Vos,
945 3576 963 3616 o

200 3629 356 3706 Pompilius
369 3635 495 3710 sanguis,
510 3655 625 3696 cumen
639 3635 838 3712 reprehendite
850 3638 926 3713 quod
940 3656 996 3696 non

200 3705 293 3766 Multo
306 3710 368 3768 dies
381 3723 411 3769 et
424 3712 513 3771 multo
526 3715 611 3774 litura
624 3715 763 3786 coercuit,
778 3725 862 3790 utque

200 3787 372 3846 Presectum
386 3789 484 3848 decies
496 3811 554 3850 non
569 3794 715 3871 castigavit
728 3794 764 3850 ad
778 3811 913 3870 unguem.

240 3865 392 3941 Ingenium
406 3868 510 3926 miseri
522 3871 590 3942 quie
604 3871 774 3931 fortunatius
788 3883 847 3932 arte
