2706 4362
374 714 423 806 Q„
462 645 748 791 HouATtl
792 707 1038 789 FLACCI

535 957 885 1029 SATIRARUM

573 1193 680 1244 LIBER
696 1191 840 1242 PRIMUS.

611 1647 770 1710 SATIRA
791 1647 815 1706 1.

578 1787 619 1825 AD
633 1784 841 1824 MEGENA'PEM.

204 1955 206 1962 ,
295 1889 358 1952 Qut
372 1887 413 1961 fit,
428 1885 584 1958 Maecenas,
599 1896 630 1943 ut
644 1903 729 1944 nemo
740 1901 825 1960 quam
839 1884 893 1942 sibi
908 1897 1013 1946 sortem

295 1971 354 2028 Seu
367 1969 438 2026 ratio
452 1967 571 2037 dederit,
586 1984 636 2022 seu
650 1964 707 2024 fors
720 1963 866 2040 objecerit,
880 1964 930 2024 illa

293 2049 454 2106 Contentus
468 2045 550 2117 vivat,
564 2043 662 2102 laudet
675 2044 786 2104 diversa
797 2047 968 2120 sequentesl

293 2131 312 2158 “
321 2126 349 2184 Ο
365 2125 499 2184 fortunati
513 2133 683 2182 mercatores
693 2124 719 2180 l'’
741 2123 834 2199 gravis
848 2125 931 2184 annis

292 2205 378 2263 Miles
392 2205 440 2276 ait,
455 2203 544 2262 multo
554 2202 614 2280 jam
625 2201 731 2261 fractus
746 2203 874 2262 membre
887 2203 991 2264 labore.

292 2281 400 2343 Contrd
414 2292 564 2354 mercator,
579 2281 674 2340 navim
685 2281 859 2360 jactantibus
873 2283 998 2358 Austris,

292 2368 311 2395 “
320 2362 425 2422 Militia
438 2374 481 2420 est
493 2362 602 2438 potior:
615 2361 684 2436 quid
699 2361 797 2419 eniml
819 2363 997 2422 concurritur
1005 2383 1013 2434 ;
1034 2363 1112 2425 horte

292 2441 440 2501 Momeuto
454 2441 511 2498 cita
525 2459 601 2498 mors
614 2441 701 2513 venit,
715 2451 765 2498 aut
777 2440 895 2500 victoria
907 2443 999 2503 laeta.'’

292 2520 458 2598 Agricolam
472 2519 570 2578 laudat
580 2519 652 2596 juris
665 2519 817 2596 legumque
828 2521 945 2596 peritus,

292 2599 354 2658 Sub
367 2599 434 2678 galli
447 2610 564 2660 cantum
579 2598 723 2659 consultor
737 2599 785 2658 ubi
799 2601 872 2662 ostia
884 2601 985 2678 pulsat.
1169 2609 1204 2666 lu

291 2679 354 2752 Ille,
369 2680 442 2738 datis
455 2679 574 2738 vadibus
587 2678 635 2754 qui
649 2697 714 2738 rure
728 2691 872 2738 extractus
886 2680 916 2740 in
930 2682 1030 2741 urbem
1044 2697 1095 2756 est,

292 2759 375 2818 Solos
388 2759 486 2817 felices
499 2759 626 2816 'viventes
639 2757 744 2816 clamat
758 2759 788 2816 in
799 2761 878 2817 urbe.

292 2837 404 2894 Caetera
417 2837 452 2892 de
467 2853 572 2911 genere
585 2837 651 2906 hoc,
666 2833 738 2892 oded
753 2847 820 2894 sunt
833 2838 932 2910 multa,
946 2839 1096 2915 loquacem

293 2913 443 2971 Delassare
457 2914 552 2969 valent
565 2912 696 2970 Fabium.
728 2913 777 2971 Ne
790 2925 818 2974 te
832 2935 934 2991 morer,
948 2921 1017 2977 audi

277 2989 363 3055 uuo
378 3010 437 3048 rem
452 2989 602 3048 deducam.
635 2991 743 3066 Siquis
757 2994 838 3066 deus,
853 2999 870 3026 “
883 2995 929 3054 En
943 2999 1026 3073 ego‚''
1038 2999 1125 3074 dicat,
1168 3005 1204 3060 15

292 3075 312 3103 “
324 3070 391 3128 Jam
406 3069 507 3128 faciam
521 3069 596 3144 quod
611 3069 711 3126 vultis:
733 3072 842 3145 eriam,
856 3075 905 3148 qui
918 3073 1005 3133 modd
1020 3077 1111 3150 miles,
1209 3132 1212 3140 .

292 3149 452 3210 Mercator:
474 3159 516 3221 tu,
531 3147 677 3206 consultus
691 3147 786 3222 modi),
802 3153 941 3211 rusticus:
963 3153 1032 3212 hinc
1046 3175 1105 3230 vos,

292 3231 351 3288 Vos
366 3229 444 3302 hinc,
459 3227 575 3286 mutatis
589 3227 728 3286 discedite
741 3229 876 3306 partibus.
911 3229 981 3289 Eial

290 3309 371 3373 Quid
387 3308 466 3368 statis
474 3308 505 3366 l'’
527 3305 637 3366 Nolint.
672 3307 761 3386 Atqui
776 3309 845 3368 licet
858 3329 921 3368 esse
936 3311 1034 3372 beatis.

290 3389 372 3452 Quid
386 3407 480 3447 causae
494 3398 538 3448 est
551 3383 653 3447 meriti>
668 3388 736 3464 quin
750 3388 805 3448 illis
819 3388 932 3468 Jupiter
946 3392 1044 3450 ambas
1163 3396 1203 3454 20

291 3467 384 3525 Iratus
397 3469 504 3528 buccas
518 3465 607 3540 inflet,
622 3487 715 3544 neque
729 3488 760 3526 se
775 3470 832 3527 fore
846 3471 965 3546 posthac

291 3545 367 3604 Tam
382 3547 494 3606 facilem
508 3547 586 3605 dicat
598 3549 670 3606 votis
684 3559 715 3606 ut
725 3549 851 3623 prebeat
866 3552 984 3608 aureml

329 3625 479 3699 Praeterea,
493 3645 532 3683 ne
546 3627 598 3699 sic,
612 3627 705 3702 utqui
716 3627 864 3702 jocularia,
878 3628 974 3688 ridens

290 3702 474 3762 Percurram:
494 3725 654 3781 quanquam
668 3706 809 3764 ridentem
823 3706 919 3766 dicere
932 3728 1029 3770 verum

290 3781 372 3844 Quid
386 3785 479 3840 vetatl
501 3795 532 3841 ut
544 3785 640 3860 pueris
653 3784 721 3842 olim
735 3786 805 3844 daut
818 3789 944 3847 crustula
954 3789 1051 3853 blandi
1160 3792 1200 3850 25

290 3859 437 3934 Doctores,
452 3862 592 3920 elementa
606 3863 693 3922 velint
706 3876 738 3922 ut
751 3865 860 3931 discere
873 3869 981 3946 prima:

1079 3977 1082 3979 .
1087 3963 1129 3980 ..d-nv
