2706 4362
140 267 198 324 llll
460 262 491 320 Q.
510 260 656 311 HORATIl
672 261 806 312 sulcet.

161 405 267 470 ‘Quod
281 423 370 483 puero
383 406 499 479 cecinit,
513 404 610 464 divini
623 402 699 464 motti
712 423 785 462 anus
799 402 887 460 urnd:
1093 405 1135 463 30

180 485 290 543 ‘Hunc
303 503 396 561 neque
409 486 472 543 dira
485 504 605 558 venena,
620 503 675 542 nec
689 483 815 542 hosticus
829 482 938 539 auferet
951 481 1039 555 ensis,

180 562 246 622 Nec
259 563 379 622 laterum
393 565 483 636 dolor,
497 573 546 622 aut
559 563 655 637 tussis,
669 582 724 620 nec
738 561 819 620 tarda
831 561 972 637 podagra3

180 643 318 700 Garrulus
332 645 410 701 hunc
423 644 537 720 quando
550 653 702 701 consumet
715 659 844 717 cunque:
866 640 1010 716 loquaces,

181 723 213 780 Si
227 721 327 797 sapiat,
341 723 418 794 vitet,
433 722 516 782 simul
530 733 614 797 atque
628 720 781 779 adoleverit
794 719 879 776 etas!
896 719 912 746 ''

219 800 346 858 Ventum
361 813 422 858 erat
435 803 470 860 ad
486 802 591 872 Veste,
605 799 704 876 quarti
715 799 774 874 jam
788 809 867 874 parte
882 797 939 856 diei
1089 801 1131 858 35

179 878 346 951 Praeteritd3
367 892 396 938 et
410 898 489 952 cusu,
503 891 573 938 tunc
587 879 757 954 respondere
771 877 873 934 vadato

180 956 327 1016 Debebat:
348 960 424 1034 quod
437 960 469 1017 ni
482 959 605 1030 fecisset,
619 958 737 1034 perdere
751 956 838 1013 litem.

181 1037 242 1093 “Si
256 1055 302 1094 me
316 1039 422 1110 amas,'’
439 1037 540 1112 inquit,
552 1043 570 1068 “
582 1035 699 1113 paulum
715 1034 763 1091 hic
777 1035 873 1092 ades.'’
911 1037 929 1064 “
939 1032 1094 1107 Interearn,
1105 1037 1129 1094 si
1193 1099 1195 1104 y

180 1112 242 1172 Aut
255 1117 335 1174 valeo
348 1128 431 1189 stare,
447 1127 496 1173 aut
509 1117 574 1173 novi
589 1115 682 1172 civilia
692 1115 772 1190 jura!

180 1193 219 1252 Et
229 1212 349 1269 propero
356 1193 413 1271 qud
422 1195 506 1252 scis.”
529 1194 668 1251 “Dubius
679 1213 742 1250 sum
753 1193 821 1267 quid
832 1191 963 1264 iaciam,'’
973 1191 1064 1268 inquit
1072 1213 1080 1263 ;
1089 1194 1129 1252 40

181 1277 200 1304 “
209 1271 294 1330 Tene
303 1274 470 1348 relinquam,
483 1293 520 1331 an
529 1274 616 1332 rem.''
646 1277 663 1304 “
675 1271 735 1344 Me,
745 1273 856 1329 sodes.''
887 1270 1125 1346 “Nonlacinm,”

259 1351 323 1422 ille;

180 1429 219 1488 Et
230 1431 393 1506 praecedere
407 1431 500 1508 coepit.
541 1430 614 1507 Ego,
628 1439 660 1487 ut
673 1429 848 1487 contendere
862 1429 966 1486 durum
979 1441 1022 1487 est

181 1509 257 1566 Cum
268 1510 383 1582 victore,
397 1529 506 1586 sequor.
549 1514 567 1540 “
580 1509 726 1566 Maecenas
740 1508 882 1583 quomodo
895 1510 1028 1566 tecuml”

181 1586 261 1646 Hinc
275 1589 384 1664 repetit.
407 1595 425 1620 “
441 1589 601 1647 Paucorum
616 1588 773 1661 hominum,
785 1597 814 1644 et
828 1587 931 1644 mentis
945 1587 1019 1646 bene
1033 1607 1126 1646 sauae:

180 1665 276 1724 Nemo
289 1666 434 1726 dexterius
448 1669 560 1726 fortuni
574 1679 617 1725 est
631 1667 726 1724 usus.'’
769 1671 787 1697 “
804 1666 934 1723 Haberes
1087 1669 1126 1726 45

181 1745 322 1822 Magnum
336 1747 503 1822 adjutorem,
515 1760 610 1824 posset
623 1746 671 1823 qui
686 1746 757 1803 ferre
772 1745 923 1817 secundas,

180 1823 270 1882 Hunc
284 1827 430 1884 hominem
443 1827 529 1885 velles
543 1827 567 1883 si
578 1827 706 1895 tradere3
728 1825 897 1900 dispeream,
911 1825 942 1882 ni

181 1903 363 1966 Summdsses
376 1908 503 1965 omnes.”
545 1909 563 1936 “
578 1904 648 1964 Non
662 1905 716 1963 isto
730 1904 849 1960 vivimus
862 1902 931 1976 illic,

179 1982 250 2045 Quo
263 1996 294 2042 tu
307 2001 380 2056 rere,
394 1986 495 2043 modo:
516 1985 617 2043 domus
631 1984 687 2040 heic
700 2003 755 2041 nec
768 1984 863 2060 purior
877 1983 934 2040 ulla
948 1993 999 2055 est,

179 2059 246 2118 Nec
260 2061 351 2139 magis
365 2064 409 2121 his
422 2065 517 2122 aliena
531 2064 628 2122 malis:
650 2063 690 2120 nil
704 2061 745 2120 mi
758 2062 846 2120 officit
859 2081 994 2137 unquam,
1088 2065 1127 2121 50

180 2138 274 2198 Ditior
289 2142 346 2214 hic,
361 2155 410 2201 aut
423 2155 466 2201 est
479 2143 546 2220 quia
560 2142 686 2200 doctior:
708 2153 751 2200 est
764 2141 844 2200 locus
857 2142 919 2198 uni-

179 2218 283 2294 cuique
298 2222 394 2278 suus.’'
423 2220 589 2297 “Magnum
603 2217 711 2292 narras,
726 2221 772 2278 vix
785 2219 948 2278 credibile.''
978 2221 1094 2296 “Atqui

180 2296 230 2353 Sic
246 2297 358 2355 hebet.’'
382 2303 400 2329 “
416 2300 563 2360 Accendis
576 2319 662 2376 quare
676 2301 791 2377 cupiam
804 2295 896 2375 magis
910 2298 950 2356 ilii
1010 2355 1014 2362 ,

179 2374 330 2434 Proximus
344 2380 434 2436 esse.”
471 2384 488 2410 “
503 2379 584 2438 Velis
597 2380 793 2437 tantummodo
801 2399 809 2450 ;
831 2397 894 2454 quae
907 2388 956 2436 tua
970 2377 1066 2451 virtus,
1133 2429 1149 2464 4

179 2451 381 2531 Expugnabis:
403 2468 432 2516 et
444 2470 488 2518 est
501 2459 550 2534 qui
563 2458 639 2518 vinci
650 2457 753 2534 possit;
775 2476 864 2532 eoque
1088 2459 1127 2515 55

178 2530 318 2592 Difficiles
333 2537 426 2594 aditus
439 2539 544 2612 primos
559 2537 671 2596 habet.’'
713 2542 731 2568 “
747 2535 835 2596 Haud
849 2536 920 2592 mihi
933 2537 1035 2595 deero:

179 2608 349 2670 Muneribus
364 2635 458 2673 servos
472 2635 668 2693 eorrumpsm3
690 2635 758 2688 non,
773 2614 858 2672 hodie
872 2616 896 2672 si

179 2687 320 2750 Exclusus
335 2694 424 2766 suero,
438 2694 571 2752 desistam
584 2715 591 2765 ;
626 2704 752 2770 tempora
765 2712 906 2769 quaram:

178 2767 337 2828 Occurram
352 2773 382 2830 in
395 2773 485 2830 triviis
493 2794 500 2844 ;
522 2775 671 2831 deducam.
712 2771 761 2830 Nil
776 2773 838 2829 sine
852 2791 957 2848 magno

178 2846 246 2906 Vita
257 2850 351 2909 labore
366 2853 445 2911 dedit
458 2853 650 2911 mortalibus.'’
686 2853 759 2910 Haec
773 2853 842 2908 dum
856 2852 924 2927 agit,
939 2871 1009 2910 ecce
1087 2852 1154 2910 60>

178 2925 290 2987 Fuscus
304 2931 427 2989 Aristius
440 2933 574 3004 occurrit,
590 2933 659 2990 mihi
673 2951 766 3003 carus,
781 2942 810 2988 et
824 2930 902 2988 illum

177 3007 240 3068 Qui
250 3009 369 3085 pulchre
383 3009 488 3068 ndsset.
523 3011 721 3070 consistimus.
756 3009 869 3068 “Unde
884 3009 1001 3068 venisl”
1017 3026 1047 3068 et

181 3091 200 3118 “
211 3086 282 3150 Quo
297 3090 391 3147 tendis
399 3091 429 3147 l’'
451 3102 551 3166 rogat;
573 3102 603 3149 et
615 3091 775 3167 respondet.
810 3088 924 3147 Vellere
938 3089 1022 3166 coepi,

177 3169 216 3227 Et
228 3187 361 3244 prensare
376 3189 463 3228 manu
477 3170 633 3228 lentissima
646 3171 772 3242 brachia,
787 3180 901 3241 nutans,

177 3246 364 3322 Distorquens
377 3249 483 3322 oculos,
499 3260 530 3306 ut
543 3268 589 3306 me
603 3250 741 3324 eriperet:
762 3246 838 3306 male
853 3248 942 3305 salsus
1087 3247 1126 3304 65

178 3325 291 3382 Ridens
305 3328 499 3385 dissimulare:
520 3347 616 3386 meum
628 3327 709 3402 jecur
723 3346 806 3384 urere
821 3328 893 3385 bilis.

178 3403 293 3461 “Certe
307 3407 404 3464 nescio
418 3406 486 3482 quid
499 3417 608 3463 secreto
624 3405 694 3462 velle
704 3405 780 3480 loqui
794 3417 822 3463 te

177 3481 285 3538 Aiebus
298 3487 440 3542 mecum.''
478 3484 630 3542 “Memini
644 3484 731 3554 bene;
753 3486 804 3542 sed
819 3484 927 3543 meliori

177 3558 321 3635 Tempore
335 3564 445 3620 dicam:
467 3564 551 3621 hodie
564 3564 708 3622 tricesima
721 3565 853 3633 sabbata3
875 3564 931 3620 vin’
946 3574 977 3620 tu

177 3637 274 3694 Curtis
288 3637 396 3698 Judaeis
409 3643 551 3717 oppedere
561 3645 592 3700 l”
628 3643 746 3700 “Nulla
760 3643 858 3714 mihi,”
881 3643 1007 3716 inquam,
1087 3641 1124 3698 70

178 3720 196 3747 “
207 3715 332 3792 Relligio
346 3721 416 3776 est.’'
450 3724 469 3750 “
482 3720 523 3777 At
536 3721 593 3780 mi:
614 3741 677 3780 sum
691 3719 776 3797 pauli)
791 3721 937 3791 infirmior,
952 3739 1031 3796 unus,

178 3793 334 3853 Multorum
348 3815 353 3852 :
375 3797 521 3871 ignosces;
544 3800 614 3858 alids
627 3801 751 3876 loquar.’'
787 3804 805 3830 “
819 3798 975 3856 Hunccine
989 3798 1078 3856 solem
