2704 4362
196 345 251 406 174
513 343 544 402 Q.
562 339 708 391 nourrii
725 323 860 390 auteur.

233 487 402 546 Meuseruut
416 488 556 564 hodieque
569 490 687 543 manent
697 484 814 560 vestigia
824 485 905 542 ruris.
1129 489 1189 549 160

233 569 320 625 Serus
334 569 410 625 enim
424 568 535 624 Graecis
548 565 671 623 admovit
685 565 818 622 acumina
830 564 955 633 chartis;

231 646 280 722 Et,
293 659 355 722 post
370 645 480 703 Punica
493 645 566 702 bella
579 645 700 719 quietus,
714 661 840 717 quaerere
854 643 939 718 coepit

207 791 209 797 ,
230 726 312 786 Quid
328 726 484 802 Sophocles
497 736 526 781 et
537 723 661 798 Thespis
675 734 704 780 et
715 721 876 804 AEschylus'
885 721 953 778 utile
968 722 1080 782 ferrent.

231 805 366 862 Tentavit
380 823 489 879 quoque
503 823 563 860 rem
578 803 601 860 si
615 798 702 876 digne
718 811 825 856 vertere
838 811 949 876 posset;

231 883 270 940 Et
283 884 389 958 placuit
403 883 466 953 sibi,
480 881 581 940 natura
595 880 723 938 sublimis
737 891 767 936 et
780 898 861 936 acer:
1126 884 1183 941 165

232 961 309 1018 Nam
323 964 409 1037 spirat
422 963 562 1036 tragicum
577 958 655 1031 satie,
666 970 694 1016 et
709 958 828 1015 feliciter
839 959 941 1027 audet;

233 1041 290 1096 Sed
304 1052 415 1116 turpem
428 1052 508 1115 putat
522 1036 624 1097 inscite
637 1038 792 1111 metuitque
806 1036 927 1094 lituram.

272 1119 416 1190 Creditur,
429 1137 465 1176 ex
479 1119 573 1176 medio
587 1117 652 1193 quia
667 1135 711 1173 res
726 1116 853 1187 arcessit,
864 1116 969 1173 habere

233 1198 350 1256 Sudoris
361 1197 520 1268 minimum,
535 1198 585 1254 sed
600 1197 685 1253 habet
700 1194 848 1254 Oomoedia
862 1192 942 1252 tantb

229 1276 299 1334 Plus
312 1278 416 1348 oneris,
431 1274 537 1350 quantb
552 1277 642 1332 veniae
655 1275 758 1332 minus.
802 1274 909 1349 Aspice
923 1274 1041 1332 Plautus
1121 1278 1179 1334 17⁰

229 1354 300 1414 Quo
312 1366 396 1430 pacto
408 1367 502 1429 partes
515 1364 620 1411 tutetur
635 1354 756 1410 amantis
770 1354 891 1428 ephebi,'

231 1431 269 1489 Ut
281 1434 369 1508 patris
383 1434 493 1504 attenti,
508 1433 618 1490 lenonis
632 1443 663 1489 ut
677 1432 822 1489 insidiosi:

188 1527 194 1534 ‘
229 1510 364 1572 Quantus
378 1512 413 1569 sit
427 1511 594 1570 Dossennus
607 1512 743 1569 edacibus
757 1512 786 1568 in
800 1511 948 1587 parasitis3

229 1587 329 1649 Quum
344 1610 401 1647 non
416 1589 531 1647 astricto
544 1601 690 1666 percurrat
702 1591 810 1666 pulpita
824 1609 916 1648 socco.

230 1670 323 1725 Gestit
336 1670 412 1726 enim
427 1687 575 1725 nummum
591 1671 619 1726 in
635 1669 743 1728 loculos
754 1669 913 1742 demittere,
927 1680 990 1745 post
1004 1671 1059 1729 hoc
1121 1673 1178 1729 175

231 1749 356 1805 Securus
370 1748 453 1806 cadat
467 1768 503 1804 an
518 1759 596 1806 recto
607 1761 661 1807 stet
676 1749 769 1805 fabula
783 1749 848 1806 talo.

268 1826 365 1888 Quem
380 1827 444 1886 tulit
458 1827 493 1884 ad
505 1847 621 1885 scenam
635 1840 750 1885 ventoso
763 1828 861 1885 Gloria
874 1845 969 1899 curru,

231 1903 383 1963 Exanimat
397 1905 491 1963 lentus
505 1919 655 1983 spectator,
670 1907 785 1963 sedulus
799 1905 886 1962 inflat.

231 1985 279 2040 Sic
293 1984 365 2057 leve,
376 1986 418 2042 sic
432 2005 547 2060 parrum
562 1997 614 2059 est,
630 1987 756 2043 animum
770 1987 845 2060 quod
859 1985 952 2042 laudis
963 2005 1077 2044 avarum

231 2063 347 2120 Subruit
361 2083 395 2120 ac
408 2064 507 2121 reficit.
549 2065 650 2122 Valeat
665 2084 709 2121 res
723 2065 844 2137 ludicra,
858 2067 881 2121 si
896 2084 941 2121 me
1122 2066 1178 2124 180

230 2140 327 2198 Palma
341 2154 444 2218 negata
458 2161 597 2216 macrum,
611 2145 714 2200 donata
728 2145 838 2200 reducit
851 2145 986 2220 opimum.

270 2219 352 2296 Septi
367 2223 451 2278 etiam
467 2223 604 2278 audacem
620 2223 698 2298 fugat
713 2223 777 2293 hoc,
792 2234 932 2298 terretque
946 2227 1070 2299 poetam,

228 2297 317 2359 Quod
333 2319 451 2358 numero
463 2301 567 2376 plures,
582 2301 682 2358 virtute
697 2311 725 2356 et
739 2302 846 2358 honore
860 2303 993 2373 minores,

229 2373 342 2435 Inducti
357 2379 515 2453 stolidique,
530 2390 559 2438 et
572 2381 736 2458 depugnare
750 2381 839 2456 parati

230 2457 261 2513 Si
275 2457 417 2514 discordet
431 2477 526 2534 eques,
542 2461 636 2516 media
651 2462 723 2517 inter
738 2461 865 2518 carmina
878 2471 1000 2536 poscunt
1121 2461 1176 2519 185

230 2537 290 2594 Aut
303 2556 411 2609 ursum,
426 2549 474 2594 aut
488 2541 614 2614 pugiles:
636 2541 679 2596 his
695 2559 760 2596 nam
771 2540 919 2615 plebecula
933 2541 1046 2615 gaudet.

228 2613 336 2672 Verium
351 2617 437 2691 equiti
451 2635 561 2692 quoque
572 2619 631 2693 jam
646 2619 775 2693 migravit
789 2619 824 2674 ab
839 2639 906 2675 aure
920 2620 1048 2694 voluptas

228 2693 331 2750 Omnis
345 2697 380 2751 ad
395 2697 518 2753 incertos
532 2696 629 2754 oculos
644 2707 671 2754 et
685 2697 789 2771 gaudia
803 2717 883 2754 vana.
945 2718 948 2726 ·
1125 2693 1128 2700 ’

183 2837 188 2848 ,
227 2771 358 2832 Quattuor
373 2785 421 2831 aut
435 2775 529 2851 plures
544 2777 632 2832 aalma
645 2786 810 2851 premuntur
825 2777 853 2833 in
869 2777 962 2850 horae,

227 2848 305 2906 Dum
319 2852 430 2926 fugiunt
444 2855 570 2930 equitum
585 2867 685 2912 turmae
696 2855 878 2931 peditumque
893 2867 1029 2924 catervae;
1120 2857 1176 2912 190

228 2928 297 2986 Mox
310 2932 429 2988 trahitur
444 2933 574 2990 manibus
589 2953 687 3010 regum
704 2935 815 2992 fortuna
829 2937 955 3005 retortis;
1023 2957 1026 2963 ⁴

227 3007 336 3065 Esseda
351 3011 492 3081 festinant,
507 3012 622 3086 pilenta,
637 3014 779 3089 petorrita,
795 3031 896 3083 naves;

226 3087 376 3162 Captivum
391 3099 515 3164 portatur
530 3091 610 3164 ebur,
624 3093 734 3168 captiva
748 3093 911 3150 Corinthus,

227 3168 258 3222 Si
273 3167 343 3224 foret
357 3168 386 3224 in
402 3170 492 3241 terrie,
507 3170 612 3227 rideret
625 3169 816 3244 Democritus,
832 3191 881 3228 seu

225 3244 375 3302 Diversum
390 3247 508 3304 confusa
521 3267 613 3323 genus
626 3251 765 3324 panthera
779 3252 897 3324 camelo,
1119 3250 1175 3308 195

133 3319 134 3324 '
226 3324 292 3381 Sive
305 3324 420 3400 elephas
434 3325 513 3382 albus
527 3328 602 3402 vulgi
617 3340 793 3387 converteret
806 3349 871 3387 ora:

226 3404 373 3476 Spectatet
387 3405 520 3481 populum
534 3405 609 3463 ludis
624 3405 758 3464 attentiris
772 3409 850 3484 ipsiS,

225 3479 263 3536 Ut
276 3482 329 3538 sibi
343 3485 515 3558 praebentem
530 3485 617 3543 mimo
631 3487 793 3562 spectacula
807 3489 895 3564 plura.

226 3558 383 3634 Scriptores
397 3575 491 3620 autem
505 3583 619 3622 narrare
633 3575 744 3641 putaret
758 3568 844 3624 asello

226 3634 369 3696 Fabellam
385 3643 486 3699 surdo:
508 3663 574 3700 nam
588 3663 651 3720 quae
665 3645 830 3720 pervincere
845 3663 928 3701 voces
1114 3643 1175 3701 200

225 3712 365 3774 Evaluere
379 3739 480 3777 sonum
495 3723 620 3780 referunt
634 3741 719 3798 quem
733 3733 829 3779 nostra
843 3723 975 3780 theatral

224 3791 389 3867 Garganum
404 3799 513 3874 mugire
527 3811 609 3876 putes
623 3819 734 3872 nemus,
749 3811 798 3858 aut
811 3819 889 3858 mare
904 3801 1052 3859 Tuscum:

225 3869 322 3927 Tanto
335 3889 401 3927 cum
416 3877 533 3949 strepltu
546 3877 606 3934 ludi
620 3890 783 3954 spectantur
797 3889 826 3938 et
836 3887 912 3938 artes
