2706 4362
484 267 733 320 ErlsToLtRUM
749 271 815 320 arn.
832 272 854 321 1.
872 275 910 322 rs.
928 278 967 324 rr.
1160 283 1215 346 ιω

559 487 764 549 EPISTOLA
790 491 879 551 XIII.

553 624 594 664 An
607 589 718 668 intrusa
730 628 877 668 Attum.
936 655 939 662 r

264 724 311 784 Ur·
322 723 552 802 proficiscentem
565 726 650 784 docui
664 738 692 785 te
705 724 781 803 sepe
796 728 911 805 diuque,

264 806 397 881 Augusto
410 804 513 862 reddor
526 803 638 880 signata
651 806 804 878 volumina,
818 807 898 882 vini,

265 882 297 940 Si
312 883 432 955 validus,
443 881 468 938 si
480 883 563 940 letus
576 883 639 955 erit,
653 882 677 940 si
691 885 814 959 denique
828 896 945 962 posoet;

264 959 313 1018 Ne
326 961 421 1018 studio
434 962 523 1019 nostri
536 980 649 1037 pensan
662 962 816 1038 odiumque
829 964 931 1022 libellis

266 1039 389 1096 Sedulus
400 1039 533 1114 importes
543 1040 630 1116 operit
640 1041 808 1098 vehemente
821 1042 957 1105 minister,
1193 1051 1216 1110 5

265 1117 298 1175 Si
311 1129 339 1176 te
354 1116 425 1177 forte
439 1137 511 1176 mere
524 1118 617 1195 gravis
630 1118 817 1177 uretsaroina
830 1121 946 1194 charte,

264 1196 391 1274 Abjioito
403 1196 507 1273 potius,
521 1195 606 1272 quiin
619 1195 677 1273 qud
688 1197 812 1273 perferre
820 1197 932 1274 juberis

263 1275 392 1335 Clitellas
406 1275 482 1333 ferus
494 1275 646 1356 impingas,
662 1275 816 1350 Asinaeque
830 1289 979 1351 paternum

249 1387 250 1392 κ
263 1355 431 1433 cognomen
446 1355 579 1412 venusin
594 1353 692 1426 risum,
706 1367 736 1412 et
750 1354 845 1412 sabula
857 1355 916 1413 tias.

262 1435 380 1493 Viribus
393 1434 481 1492 uteris
493 1453 543 1510 per
557 1433 660 1505 oliros,-
669 1432 797 1505 flumina,
811 1433 908 1492 lamas.

262 1509 362 1571 Viotor
374 1513 509 1590 propositi
522 1512 607 1570 simul
621 1531 656 1569 ao
669 1505 831 1588 perveneris
845 1513 923 1585 illue,

263 1592 314 1649 sto
326 1591 448 1667 positum
459 1591 583 1648 servabis
596 1609 679 1662 onus,
693 1609 730 1647 ne
745 1587 816 1648 sortd
830 1591 884 1648 sub
897 1591 943 1648 alt

264 1669 446 1727 Fasciculum
459 1680 554 1744 portes
566 1669 712 1739 librorum,
725 1678 757 1724 ut
768 1667 889 1725 rustinus
903 1688 1020 1746 agnum,

263 1746 303 1805 Ut
312 1747 411 1804 vinosa
423 1746 531 1820 glomos
545 1745 654 1802 furtive
664 1744 784 1819 Pyrrhia
796 1745 879 1820 lanas,

264 1825 303 1885 Ut
313 1843 380 1882 oum
412 1822 496 1882 ileolo
509 1823 600 1880 soleas
613 1823 733 1880 oonrira
746 1822 864 1879 tribulis.

263 1902 311 1962 Ne
325 1902 409 1978 vulgo
424 1921 523 1960 narres
536 1912 565 1959 te
578 1901 723 1960 sudavisse
737 1901 855 1959 ferendo

263 1982 399 2040 Carmina
411 1998 475 2056 que
488 1981 597 2058 possint
609 1978 708 2038 oeulos
721 1997 859 2054 auresque
872 1981 975 2038 morari

262 2059 398 2120 Caesaris:
412 2071 509 2118 oratus
522 2059 611 2116 multi
624 2077 720 2135 preoe,
733 2057 824 2115 nitere
837 2054 929 2132 porrd.

261 2137 353 2213 Vade,
368 2137 428 2196 vale
436 2159 445 2210 ς
466 2157 536 2198 oare
549 2156 587 2195 ne
600 2136 714 2210 titubes,
729 2137 917 2210 mandataque
931 2136 1052 2216 frangas.

556 2450 760 2509 EPISTOLA
786 2448 873 2508 XIV.

564 2587 605 2626 AD
618 2587 761 2629 umento
774 2591 864 2630 sunu.

260 2690 385 2749 Vrrnron
399 2687 532 2746 silvarum
545 2688 658 2746 etmihi
672 2709 718 2748 me
731 2692 879 2750 reddentis
892 2693 986 2768 agelli,

259 2768 357 2830 Quem
371 2778 403 2824 tu
417 2767 534 2838 fastidis,
549 2767 704 2825 habitatum
718 2770 842 2843 quinque
856 2770 935 2842 foois,
950 2781 980 2827 et

259 2845 397 2918 Quinque
412 2844 500 2901 bonos
513 2843 626 2900 solitum
640 2844 757 2901 Variam
770 2845 912 2904 dimittere
926 2857 1037 2922 patres;

260 2923 421 2992 Certemus,
435 2922 531 2995 spinas
545 2921 676 2976 animone
690 2940 706 2977 e
725 2921 867 2995 oranius,
881 2943 918 2980 an
931 2935 963 2982 tu

261 3000 374 3059 Evellas
388 3017 471 3075 agro;
493 3009 521 3055 et
534 2997 632 3054 melior
646 2997 682 3054 sit
726 3001 841 3074 oratius,
856 3021 871 3058 a
920 3021 959 3059 es.
1185 3007 1209 3063 5

299 3077 350 3137 Me
362 3076 492 3154 quamvis
505 3075 612 3132 Lamias
625 3076 716 3151 pietas
729 3089 758 3134 et
771 3098 840 3136 eura
854 3099 900 3136 mo
915 3089 988 3150 atur,

260 3158 389 3218 Fratrem
404 3153 559 3226 maerentis,
574 3165 653 3229 rapto
666 3155 702 3212 de
716 3155 800 3213 fratre
815 3156 936 3216 dolentis

259 3236 466 3306 insolubilium
487 3245 583 3292 tomen
597 3233 691 3291 isthuc
706 3253 787 3294 mens
801 3236 968 3311 animusque

134 3361 137 3367 -
259 3317 337 3391 Fert,
351 3327 380 3374 et
393 3325 470 3373 amat
482 3313 579 3390 spatiis
591 3313 732 3373 obstantia
745 3333 878 3392 rumpere
891 3315 1022 3372 claustra.

259 3396 341 3453 Rure
354 3414 408 3472 ego
422 3394 573 3465 viventem,
587 3403 618 3450 tu
631 3393 704 3451 diois
718 3394 748 3452 in
762 3394 842 3463 urbe,
857 3394 988 3451 beatum:
1173 3396 1210 3453 lo

186 3527 191 3535 .
259 3473 315 3531 Cui
328 3474 423 3549 plaoet
435 3473 560 3544 alterius,
574 3490 626 3530 sua
639 3473 774 3531 nimirum
787 3483 831 3530 est
843 3472 909 3530 odio
922 3489 990 3530 sors.

260 3552 369 3610 Stultus
383 3562 500 3627 uterque
513 3551 607 3608 looum
621 3549 793 3609 immeritum
807 3560 941 3609 oaumtur
954 3547 1068 3626 iuiqurl;

259 3629 296 3688 In
310 3630 395 3705 orrlpt
408 3640 451 3686 est
464 3629 586 3700 animus,
599 3629 648 3705 qui
662 3648 692 3686 se
706 3648 763 3686 non
777 3629 877 3706 ell'ugit
890 3647 1024 3704 unquam.

258 3707 308 3768 Tu
323 3707 508 3765 mediastinus
521 3706 609 3764 taoiti
622 3726 707 3783 preoe
721 3726 786 3764 rura
798 3709 925 3784 petebas,

258 3787 347 3847 Nune
362 3785 459 3842 urbem
474 3796 502 3842 et
515 3786 597 3844 ludos
610 3797 639 3843 et
653 3785 753 3844 balnea
767 3787 878 3846 villicus
890 3797 987 3864 optas:
1171 3787 1208 3844 15
