<?xml version="1.0" encoding="UTF-8"?>
<!DOCTYPE html PUBLIC "-//W3C//DTD XHTML 1.0 Transitional//EN"
    "http://www.w3.org/TR/xhtml1/DTD/xhtml1-transitional.dtd">
<html xmlns="http://www.w3.org/1999/xhtml" xml:lang="en" lang="en">
 <head>
  <title>
</title>
<meta http-equiv="Content-Type" content="text/html;charset=utf-8" />
  <meta name='ocr-system' content='tesseract 3.04.00' />
  <meta name='ocr-capabilities' content='ocr_page ocr_carea ocr_par ocr_line ocrx_word'/>
</head>
<body>
  <div class='ocr_page' id='page_1' title='image "./operaacceduntcl00horagoog_0174.png"; bbox 0 0 2706 4362; ppageno 0'>
   <div class='ocr_carea' id='block_1_1' title="bbox 470 297 1178 388">
    <p class='ocr_par' dir='ltr' id='par_1_1' title="bbox 470 297 1178 388">
     <span class='ocr_line' id='line_1_1' title="bbox 470 297 1178 388; baseline 0.001 -15"><span class='ocrx_word' id='word_1_1' title='bbox 470 297 897 374; x_wconf 72' lang='lat' dir='ltr'>animumanimum.</span> <span class='ocrx_word' id='word_1_2' title='bbox 1120 327 1178 388; x_wconf 72' lang='lat' dir='ltr'>m</span> 
     </span>
    </p>
   </div>
   <div class='ocr_carea' id='block_1_2' title="bbox 224 463 1178 1412">
    <p class='ocr_par' dir='ltr' id='par_1_2' title="bbox 224 463 1178 764">
     <span class='ocr_line' id='line_1_2' title="bbox 224 463 979 543; baseline -0.008 -13"><span class='ocrx_word' id='word_1_3' title='bbox 224 466 307 531; x_wconf 80' lang='lat' dir='ltr'>Quid</span> <span class='ocrx_word' id='word_1_4' title='bbox 320 467 357 525; x_wconf 88' lang='lat' dir='ltr'>de</span> <span class='ocrx_word' id='word_1_5' title='bbox 369 483 481 542; x_wconf 89' lang='lat' dir='ltr'>quoque</span> <span class='ocrx_word' id='word_1_6' title='bbox 493 466 563 540; x_wconf 81' lang='lat' dir='ltr'>viro,</span> <span class='ocrx_word' id='word_1_7' title='bbox 574 475 604 525; x_wconf 91' lang='lat' dir='ltr'>et</span> <span class='ocrx_word' id='word_1_8' title='bbox 616 465 665 525; x_wconf 90' lang='lat' dir='ltr'>cui</span> <span class='ocrx_word' id='word_1_9' title='bbox 678 465 769 539; x_wconf 75' lang='lat' dir='ltr'>dicus,</span> <span class='ocrx_word' id='word_1_10' title='bbox 783 463 861 543; x_wconf 76' lang='lat' dir='ltr'>saepd</span> <span class='ocrx_word' id='word_1_11' title='bbox 875 464 979 524; x_wconf 84' lang='lat' dir='ltr'>videto.</span> 
     </span>
     <span class='ocr_line' id='line_1_3' title="bbox 226 544 990 622; baseline -0.003 -18"><span class='ocrx_word' id='word_1_12' title='bbox 226 547 477 606; x_wconf 79' lang='lat' dir='ltr'>Percunctatorem</span> <span class='ocrx_word' id='word_1_13' title='bbox 491 545 600 622; x_wconf 84' lang='lat' dir='ltr'>fugit03</span> <span class='ocrx_word' id='word_1_14' title='bbox 621 563 688 603; x_wconf 86' lang='lat' dir='ltr'>nam</span> <span class='ocrx_word' id='word_1_15' title='bbox 701 546 832 622; x_wconf 85' lang='lat' dir='ltr'>garrulus</span> <span class='ocrx_word' id='word_1_16' title='bbox 845 544 922 602; x_wconf 77' lang='lat' dir='ltr'>idom</span> <span class='ocrx_word' id='word_1_17' title='bbox 936 555 990 618; x_wconf 88' lang='lat' dir='ltr'>est,</span> 
     </span>
     <span class='ocr_line' id='line_1_4' title="bbox 226 623 1178 700; baseline 0.001 -16"><span class='ocrx_word' id='word_1_18' title='bbox 226 625 292 684; x_wconf 86' lang='lat' dir='ltr'>Neo</span> <span class='ocrx_word' id='word_1_19' title='bbox 305 625 429 684; x_wconf 81' lang='lat' dir='ltr'>retinent</span> <span class='ocrx_word' id='word_1_20' title='bbox 441 625 546 700; x_wconf 73' lang='lat' dir='ltr'>patule</span> <span class='ocrx_word' id='word_1_21' title='bbox 559 623 712 683; x_wconf 85' lang='lat' dir='ltr'>commissa</span> <span class='ocrx_word' id='word_1_22' title='bbox 725 623 847 682; x_wconf 84' lang='lat' dir='ltr'>fideliter</span> <span class='ocrx_word' id='word_1_23' title='bbox 860 642 958 694; x_wconf 86' lang='lat' dir='ltr'>aures;</span> <span class='ocrx_word' id='word_1_24' title='bbox 1139 626 1178 685; x_wconf 80' lang='lat'>7⁰</span> 
     </span>
     <span class='ocr_line' id='line_1_5' title="bbox 226 702 938 764; baseline -0.006 0"><span class='ocrx_word' id='word_1_25' title='bbox 226 705 264 764; x_wconf 85' lang='lat' dir='ltr'>Et</span> <span class='ocrx_word' id='word_1_26' title='bbox 277 705 364 763; x_wconf 81' lang='lat' dir='ltr'>semel</span> <span class='ocrx_word' id='word_1_27' title='bbox 378 705 514 764; x_wconf 86' lang='lat' dir='ltr'>emissum</span> <span class='ocrx_word' id='word_1_28' title='bbox 528 703 603 762; x_wconf 85' lang='lat' dir='ltr'>volat</span> <span class='ocrx_word' id='word_1_29' title='bbox 615 702 799 762; x_wconf 75' lang='lat' dir='ltr'><strong>irrevocabile</strong></span> <span class='ocrx_word' id='word_1_30' title='bbox 812 702 938 760; x_wconf 84' lang='lat' dir='ltr'>verbum.</span> 
     </span>
    </p>

    <p class='ocr_par' dir='ltr' id='par_1_3' title="bbox 224 781 1178 1412">
     <span class='ocr_line' id='line_1_6' title="bbox 264 781 1153 859; baseline 0.001 -20"><span class='ocrx_word' id='word_1_31' title='bbox 264 783 392 846; x_wconf 77' lang='lat' dir='ltr'><strong>Qualem</strong></span> <span class='ocrx_word' id='word_1_32' title='bbox 405 783 590 841; x_wconf 88' lang='lat' dir='ltr'>commendes</span> <span class='ocrx_word' id='word_1_33' title='bbox 600 781 687 840; x_wconf 88' lang='lat' dir='ltr'>etiam</span> <span class='ocrx_word' id='word_1_34' title='bbox 701 793 785 858; x_wconf 86' lang='lat' dir='ltr'>atque</span> <span class='ocrx_word' id='word_1_35' title='bbox 798 782 885 839; x_wconf 87' lang='lat' dir='ltr'>etiam</span> <span class='ocrx_word' id='word_1_36' title='bbox 898 781 994 859; x_wconf 85' lang='lat' dir='ltr'>aspice</span> <span class='ocrx_word' id='word_1_37' title='bbox 1005 801 1013 852; x_wconf 91' lang='lat'>;</span> <span class='ocrx_word' id='word_1_38' title='bbox 1034 800 1073 840; x_wconf 89' lang='lat' dir='ltr'>ne</span> <span class='ocrx_word' id='word_1_39' title='bbox 1086 801 1153 843; x_wconf 84' lang='lat' dir='ltr'>mox</span> 
     </span>
     <span class='ocr_line' id='line_1_7' title="bbox 225 861 842 937; baseline -0.003 -17"><span class='ocrx_word' id='word_1_40' title='bbox 225 862 375 920; x_wconf 87' lang='lat' dir='ltr'>Incutiant</span> <span class='ocrx_word' id='word_1_41' title='bbox 387 861 482 919; x_wconf 88' lang='lat' dir='ltr'>aliona</span> <span class='ocrx_word' id='word_1_42' title='bbox 494 861 545 919; x_wconf 92' lang='lat' dir='ltr'>tibi</span> <span class='ocrx_word' id='word_1_43' title='bbox 558 871 678 937; x_wconf 61' lang='lat' dir='ltr'>monta</span> <span class='ocrx_word' id='word_1_44' title='bbox 690 861 842 936; x_wconf 66' lang='lat' dir='ltr'>pudorem:</span> 
     </span>
     <span class='ocr_line' id='line_1_8' title="bbox 226 939 1044 1018; baseline 0.001 -20"><span class='ocrx_word' id='word_1_45' title='bbox 226 941 375 1012; x_wconf 75' lang='lat' dir='ltr'><strong>Fallimur,</strong></span> <span class='ocrx_word' id='word_1_46' title='bbox 388 951 418 998; x_wconf 89' lang='lat' dir='ltr'>et</span> <span class='ocrx_word' id='word_1_47' title='bbox 430 939 574 1015; x_wconf 89' lang='lat' dir='ltr'>quondam</span> <span class='ocrx_word' id='word_1_48' title='bbox 587 958 646 998; x_wconf 95' lang='lat' dir='ltr'>non</span> <span class='ocrx_word' id='word_1_49' title='bbox 660 939 780 1014; x_wconf 86' lang='lat' dir='ltr'>dignum</span> <span class='ocrx_word' id='word_1_50' title='bbox 793 939 945 998; x_wconf 72' lang='lat' dir='ltr'>tradimus:</span> <span class='ocrx_word' id='word_1_51' title='bbox 965 958 1044 1018; x_wconf 87' lang='lat' dir='ltr'>ergo,</span> 
     </span>
     <span class='ocr_line' id='line_1_9' title="bbox 224 1018 1178 1094; baseline 0.002 -18"><span class='ocrx_word' id='word_1_52' title='bbox 224 1020 324 1082; x_wconf 82' lang='lat' dir='ltr'>Quem</span> <span class='ocrx_word' id='word_1_53' title='bbox 339 1038 391 1080; x_wconf 89' lang='lat' dir='ltr'>sua</span> <span class='ocrx_word' id='word_1_54' title='bbox 404 1018 490 1094; x_wconf 89' lang='lat' dir='ltr'>culpa</span> <span class='ocrx_word' id='word_1_55' title='bbox 501 1028 620 1094; x_wconf 80' lang='lat' dir='ltr'>premet,</span> <span class='ocrx_word' id='word_1_56' title='bbox 633 1019 770 1092; x_wconf 85' lang='lat' dir='ltr'>deceptus</span> <span class='ocrx_word' id='word_1_57' title='bbox 782 1018 881 1076; x_wconf 86' lang='lat' dir='ltr'>omitto</span> <span class='ocrx_word' id='word_1_58' title='bbox 890 1018 980 1077; x_wconf 88' lang='lat' dir='ltr'>tueri:</span> <span class='ocrx_word' id='word_1_59' title='bbox 1139 1020 1178 1078; x_wconf 81' lang='lat'>75</span> 
     </span>
     <span class='ocr_line' id='line_1_10' title="bbox 227 1094 940 1174; baseline 0 -19"><span class='ocrx_word' id='word_1_60' title='bbox 227 1097 267 1156; x_wconf 92' lang='lat' dir='ltr'>Ut</span> <span class='ocrx_word' id='word_1_61' title='bbox 279 1094 393 1174; x_wconf 76' lang='lat' dir='ltr'>penitius</span> <span class='ocrx_word' id='word_1_62' title='bbox 407 1109 516 1168; x_wconf 89' lang='lat' dir='ltr'>notum,</span> <span class='ocrx_word' id='word_1_63' title='bbox 530 1097 555 1154; x_wconf 85' lang='lat' dir='ltr'>si</span> <span class='ocrx_word' id='word_1_64' title='bbox 568 1107 680 1155; x_wconf 88' lang='lat' dir='ltr'>tentent</span> <span class='ocrx_word' id='word_1_65' title='bbox 692 1095 823 1168; x_wconf 86' lang='lat' dir='ltr'>crimina,</span> <span class='ocrx_word' id='word_1_66' title='bbox 837 1116 940 1171; x_wconf 81' lang='lat' dir='ltr'>serves,</span> 
     </span>
     <span class='ocr_line' id='line_1_11' title="bbox 228 1174 844 1252; baseline 0 -19"><span class='ocrx_word' id='word_1_67' title='bbox 228 1176 399 1252; x_wconf 87' lang='lat' dir='ltr'>Tuterisque</span> <span class='ocrx_word' id='word_1_68' title='bbox 413 1187 463 1234; x_wconf 89' lang='lat' dir='ltr'>tuo</span> <span class='ocrx_word' id='word_1_69' title='bbox 476 1174 611 1234; x_wconf 84' lang='lat' dir='ltr'>fidentem</span> <span class='ocrx_word' id='word_1_70' title='bbox 624 1174 772 1251; x_wconf 77' lang='lat' dir='ltr'>praesidi03</span> <span class='ocrx_word' id='word_1_71' title='bbox 794 1176 844 1251; x_wconf 88' lang='lat' dir='ltr'>qui</span> 
     </span>
     <span class='ocr_line' id='line_1_12' title="bbox 227 1254 951 1331; baseline -0.001 -17"><span class='ocrx_word' id='word_1_72' title='bbox 227 1255 322 1315; x_wconf 82' lang='lat' dir='ltr'>Dente</span> <span class='ocrx_word' id='word_1_73' title='bbox 336 1255 491 1314; x_wconf 85' lang='lat' dir='ltr'>Theonino</span> <span class='ocrx_word' id='word_1_74' title='bbox 503 1273 591 1331; x_wconf 89' lang='lat' dir='ltr'>quum</span> <span class='ocrx_word' id='word_1_75' title='bbox 606 1254 834 1328; x_wconf 87' lang='lat' dir='ltr'>circumroditur,</span> <span class='ocrx_word' id='word_1_76' title='bbox 848 1255 951 1331; x_wconf 89' lang='lat' dir='ltr'>ecquid</span> 
     </span>
     <span class='ocr_line' id='line_1_13' title="bbox 227 1331 889 1412; baseline -0.005 -19"><span class='ocrx_word' id='word_1_77' title='bbox 227 1336 275 1393; x_wconf 88' lang='lat' dir='ltr'>Ad</span> <span class='ocrx_word' id='word_1_78' title='bbox 289 1346 317 1394; x_wconf 86' lang='lat' dir='ltr'>te</span> <span class='ocrx_word' id='word_1_79' title='bbox 331 1333 396 1412; x_wconf 82' lang='lat' dir='ltr'>pdst</span> <span class='ocrx_word' id='word_1_80' title='bbox 408 1331 493 1411; x_wconf 82' lang='lat' dir='ltr'>pould</span> <span class='ocrx_word' id='word_1_81' title='bbox 508 1344 627 1391; x_wconf 86' lang='lat' dir='ltr'>ventura</span> <span class='ocrx_word' id='word_1_82' title='bbox 639 1334 767 1409; x_wconf 90' lang='lat' dir='ltr'>pericula</span> <span class='ocrx_word' id='word_1_83' title='bbox 780 1334 889 1392; x_wconf 84' lang='lat' dir='ltr'>sentisl</span> 
     </span>
    </p>
   </div>
   <div class='ocr_carea' id='block_1_3' title="bbox 107 1413 1178 1490">
    <p class='ocr_par' dir='ltr' id='par_1_4' title="bbox 107 1413 1178 1490">
     <span class='ocr_line' id='line_1_14' title="bbox 107 1413 1178 1490; baseline 0.003 -19"><span class='ocrx_word' id='word_1_84' title='bbox 107 1423 114 1436; x_wconf 87' lang='grc'><strong>“</strong></span> <span class='ocrx_word' id='word_1_85' title='bbox 226 1413 303 1473; x_wconf 91' lang='lat' dir='ltr'>Nam</span> <span class='ocrx_word' id='word_1_86' title='bbox 317 1425 367 1473; x_wconf 84' lang='lat' dir='ltr'>tua</span> <span class='ocrx_word' id='word_1_87' title='bbox 379 1433 426 1470; x_wconf 90' lang='lat' dir='ltr'>res</span> <span class='ocrx_word' id='word_1_88' title='bbox 438 1414 541 1490; x_wconf 79' lang='lat' dir='ltr'>egitur,</span> <span class='ocrx_word' id='word_1_89' title='bbox 555 1413 649 1489; x_wconf 88' lang='lat' dir='ltr'>paries</span> <span class='ocrx_word' id='word_1_90' title='bbox 662 1430 749 1488; x_wconf 88' lang='lat' dir='ltr'>quum</span> <span class='ocrx_word' id='word_1_91' title='bbox 762 1414 908 1489; x_wconf 88' lang='lat' dir='ltr'>proximus</span> <span class='ocrx_word' id='word_1_92' title='bbox 921 1415 1018 1486; x_wconf 89' lang='lat' dir='ltr'>ardet;</span> <span class='ocrx_word' id='word_1_93' title='bbox 1137 1414 1178 1474; x_wconf 82' lang='grc'>80</span> 
     </span>
    </p>
   </div>
   <div class='ocr_carea' id='block_1_4' title="bbox 159 1491 1178 3697">
    <p class='ocr_par' dir='ltr' id='par_1_5' title="bbox 159 1491 1178 3697">
     <span class='ocr_line' id='line_1_15' title="bbox 227 1491 884 1571; baseline -0.005 -18"><span class='ocrx_word' id='word_1_94' title='bbox 227 1493 266 1552; x_wconf 84' lang='lat' dir='ltr'>Et</span> <span class='ocrx_word' id='word_1_95' title='bbox 279 1493 410 1571; x_wconf 86' lang='lat' dir='ltr'>neglecta</span> <span class='ocrx_word' id='word_1_96' title='bbox 422 1492 514 1550; x_wconf 89' lang='lat' dir='ltr'>solent</span> <span class='ocrx_word' id='word_1_97' title='bbox 528 1491 664 1550; x_wconf 88' lang='lat' dir='ltr'>incendia</span> <span class='ocrx_word' id='word_1_98' title='bbox 676 1510 788 1550; x_wconf 86' lang='lat' dir='ltr'>sumere</span> <span class='ocrx_word' id='word_1_99' title='bbox 802 1493 884 1550; x_wconf 71' lang='lat' dir='ltr'>vires</span> 
     </span>
     <span class='ocr_line' id='line_1_16' title="bbox 267 1570 1012 1646; baseline -0.003 -16"><span class='ocrx_word' id='word_1_100' title='bbox 267 1572 368 1630; x_wconf 88' lang='lat' dir='ltr'>Dulcis</span> <span class='ocrx_word' id='word_1_101' title='bbox 381 1571 536 1646; x_wconf 81' lang='lat' dir='ltr'>inexpertis</span> <span class='ocrx_word' id='word_1_102' title='bbox 549 1570 661 1628; x_wconf 88' lang='lat' dir='ltr'>cultura</span> <span class='ocrx_word' id='word_1_103' title='bbox 672 1570 797 1646; x_wconf 88' lang='lat' dir='ltr'>potentis</span> <span class='ocrx_word' id='word_1_104' title='bbox 810 1571 912 1641; x_wconf 89' lang='lat' dir='ltr'>amici;</span> <span class='ocrx_word' id='word_1_105' title='bbox 1009 1615 1012 1618; x_wconf 84' lang='lat'>-</span> 
     </span>
     <span class='ocr_line' id='line_1_17' title="bbox 228 1647 1012 1728; baseline 0 -19"><span class='ocrx_word' id='word_1_106' title='bbox 228 1651 370 1728; x_wconf 83' lang='lat' dir='ltr'>Expertus</span> <span class='ocrx_word' id='word_1_107' title='bbox 382 1649 491 1706; x_wconf 87' lang='lat' dir='ltr'>metuit.</span> <span class='ocrx_word' id='word_1_108' title='bbox 532 1647 592 1721; x_wconf 83' lang='lat' dir='ltr'>Tu,</span> <span class='ocrx_word' id='word_1_109' title='bbox 606 1648 675 1706; x_wconf 90' lang='lat' dir='ltr'>dum</span> <span class='ocrx_word' id='word_1_110' title='bbox 689 1660 739 1706; x_wconf 89' lang='lat' dir='ltr'>tua</span> <span class='ocrx_word' id='word_1_111' title='bbox 752 1650 832 1706; x_wconf 85' lang='lat' dir='ltr'>navis</span> <span class='ocrx_word' id='word_1_112' title='bbox 846 1650 876 1708; x_wconf 92' lang='lat' dir='ltr'>in</span> <span class='ocrx_word' id='word_1_113' title='bbox 889 1650 946 1708; x_wconf 87' lang='lat' dir='ltr'>alto</span> <span class='ocrx_word' id='word_1_114' title='bbox 958 1661 1012 1725; x_wconf 80' lang='lat' dir='ltr'>eat,</span> 
     </span>
     <span class='ocr_line' id='line_1_18' title="bbox 229 1723 915 1803; baseline -0.007 -15"><span class='ocrx_word' id='word_1_115' title='bbox 229 1729 295 1788; x_wconf 85' lang='lat' dir='ltr'>Hoc</span> <span class='ocrx_word' id='word_1_116' title='bbox 309 1747 362 1803; x_wconf 89' lang='lat' dir='ltr'>age</span> <span class='ocrx_word' id='word_1_117' title='bbox 375 1745 412 1783; x_wconf 92' lang='lat' dir='ltr'>ne</span> <span class='ocrx_word' id='word_1_118' title='bbox 426 1736 533 1783; x_wconf 79' lang='lat' dir='ltr'>mutata</span> <span class='ocrx_word' id='word_1_119' title='bbox 545 1723 698 1783; x_wconf 80' lang='lat' dir='ltr'>retsotsdm</span> <span class='ocrx_word' id='word_1_120' title='bbox 712 1737 740 1784; x_wconf 88' lang='lat' dir='ltr'>te</span> <span class='ocrx_word' id='word_1_121' title='bbox 754 1727 825 1784; x_wconf 84' lang='lat' dir='ltr'>serat</span> <span class='ocrx_word' id='word_1_122' title='bbox 837 1747 915 1785; x_wconf 88' lang='lat' dir='ltr'>aura.</span> 
     </span>
     <span class='ocr_line' id='line_1_19' title="bbox 269 1804 1178 1880; baseline 0.001 -16"><span class='ocrx_word' id='word_1_123' title='bbox 269 1806 401 1864; x_wconf 88' lang='lat' dir='ltr'>Oderunt</span> <span class='ocrx_word' id='word_1_124' title='bbox 414 1805 533 1861; x_wconf 79' lang='lat' dir='ltr'>hilarem</span> <span class='ocrx_word' id='word_1_125' title='bbox 546 1805 651 1877; x_wconf 78' lang='lat' dir='ltr'>tristes,</span> <span class='ocrx_word' id='word_1_126' title='bbox 665 1804 830 1879; x_wconf 85' lang='lat' dir='ltr'>tristemque</span> <span class='ocrx_word' id='word_1_127' title='bbox 841 1805 948 1880; x_wconf 85' lang='lat' dir='ltr'>jocosi;</span> <span class='ocrx_word' id='word_1_128' title='bbox 1139 1807 1178 1865; x_wconf 74' lang='lat'>86</span> 
     </span>
     <span class='ocr_line' id='line_1_20' title="bbox 231 1882 953 1959; baseline -0.004 -15"><span class='ocrx_word' id='word_1_129' title='bbox 231 1887 369 1945; x_wconf 87' lang='lat' dir='ltr'>Sedatum</span> <span class='ocrx_word' id='word_1_130' title='bbox 382 1883 500 1955; x_wconf 88' lang='lat' dir='ltr'>celeres,</span> <span class='ocrx_word' id='word_1_131' title='bbox 514 1882 620 1959; x_wconf 78' lang='lat' dir='ltr'>egilem</span> <span class='ocrx_word' id='word_1_132' title='bbox 632 1901 812 1958; x_wconf 85' lang='lat' dir='ltr'>gnavumque</span> <span class='ocrx_word' id='word_1_133' title='bbox 826 1883 953 1941; x_wconf 87' lang='lat' dir='ltr'>remissi:</span> 
     </span>
     <span class='ocr_line' id='line_1_21' title="bbox 229 1961 837 2024; baseline -0.008 0"><span class='ocrx_word' id='word_1_134' title='bbox 229 1966 346 2024; x_wconf 89' lang='lat' dir='ltr'>Potores</span> <span class='ocrx_word' id='word_1_135' title='bbox 360 1961 449 2020; x_wconf 87' lang='lat' dir='ltr'>bibuli</span> <span class='ocrx_word' id='word_1_136' title='bbox 464 1961 559 2019; x_wconf 69' lang='lat' dir='ltr'>medii</span> <span class='ocrx_word' id='word_1_137' title='bbox 572 1961 609 2020; x_wconf 89' lang='lat' dir='ltr'>de</span> <span class='ocrx_word' id='word_1_138' title='bbox 623 1975 707 2019; x_wconf 88' lang='lat' dir='ltr'>nocte</span> <span class='ocrx_word' id='word_1_139' title='bbox 721 1961 837 2019; x_wconf 81' lang='lat' dir='ltr'>Falerni</span> 
     </span>
     <span class='ocr_line' id='line_1_22' title="bbox 227 2041 950 2119; baseline -0.004 -17"><span class='ocrx_word' id='word_1_140' title='bbox 227 2045 361 2103; x_wconf 87' lang='lat' dir='ltr'>Oderunt</span> <span class='ocrx_word' id='word_1_141' title='bbox 374 2051 503 2119; x_wconf 80' lang='lat' dir='ltr'>porrecta</span> <span class='ocrx_word' id='word_1_142' title='bbox 516 2053 670 2117; x_wconf 75' lang='lat' dir='ltr'>negantem</span> <span class='ocrx_word' id='word_1_143' title='bbox 683 2041 787 2118; x_wconf 88' lang='lat' dir='ltr'>pocula</span> <span class='ocrx_word' id='word_1_144' title='bbox 794 2061 801 2110; x_wconf 93' lang='lat'>;</span> <span class='ocrx_word' id='word_1_145' title='bbox 823 2041 950 2117; x_wconf 85' lang='lat' dir='ltr'>quamvis</span> 
     </span>
     <span class='ocr_line' id='line_1_23' title="bbox 228 2119 827 2197; baseline -0.005 -17"><span class='ocrx_word' id='word_1_146' title='bbox 228 2121 258 2180; x_wconf 94' lang='lat' dir='ltr'>N</span> <span class='ocrx_word' id='word_1_147' title='bbox 259 2132 394 2180; x_wconf 85' lang='lat' dir='ltr'>coturnos</span> <span class='ocrx_word' id='word_1_148' title='bbox 404 2120 483 2196; x_wconf 88' lang='lat' dir='ltr'>jures</span> <span class='ocrx_word' id='word_1_149' title='bbox 495 2131 524 2178; x_wconf 88' lang='lat' dir='ltr'>te</span> <span class='ocrx_word' id='word_1_150' title='bbox 538 2119 689 2178; x_wconf 77' lang='lat' dir='ltr'>formidare</span> <span class='ocrx_word' id='word_1_151' title='bbox 703 2139 827 2197; x_wconf 88' lang='lat' dir='ltr'>vapores.</span> 
     </span>
     <span class='ocr_line' id='line_1_24' title="bbox 228 2195 1176 2275; baseline 0 -15"><span class='ocrx_word' id='word_1_152' title='bbox 228 2201 321 2260; x_wconf 89' lang='lat' dir='ltr'>Deme</span> <span class='ocrx_word' id='word_1_153' title='bbox 335 2197 487 2275; x_wconf 85' lang='lat' dir='ltr'>supercilio</span> <span class='ocrx_word' id='word_1_154' title='bbox 500 2198 622 2256; x_wconf 88' lang='lat' dir='ltr'>nubem:</span> <span class='ocrx_word' id='word_1_155' title='bbox 642 2195 810 2274; x_wconf 73' lang='lat' dir='ltr'>plerumque</span> <span class='ocrx_word' id='word_1_156' title='bbox 823 2199 969 2258; x_wconf 86' lang='lat' dir='ltr'>modestus</span> <span class='ocrx_word' id='word_1_157' title='bbox 1137 2201 1176 2260; x_wconf 78' lang='lat'>90</span> 
     </span>
     <span class='ocr_line' id='line_1_25' title="bbox 227 2276 931 2355; baseline -0.003 -17"><span class='ocrx_word' id='word_1_158' title='bbox 227 2280 362 2355; x_wconf 88' lang='lat' dir='ltr'>Occupat</span> <span class='ocrx_word' id='word_1_159' title='bbox 375 2276 490 2336; x_wconf 78' lang='lat' dir='ltr'>obscuri</span> <span class='ocrx_word' id='word_1_160' title='bbox 504 2277 639 2354; x_wconf 89' lang='lat' dir='ltr'>speciem,</span> <span class='ocrx_word' id='word_1_161' title='bbox 653 2277 813 2336; x_wconf 90' lang='lat' dir='ltr'>taciturnus</span> <span class='ocrx_word' id='word_1_162' title='bbox 826 2279 931 2337; x_wconf 90' lang='lat' dir='ltr'>acerbi.</span> 
     </span>
     <span class='ocr_line' id='line_1_26' title="bbox 266 2356 948 2433; baseline -0.001 -16"><span class='ocrx_word' id='word_1_163' title='bbox 266 2360 346 2417; x_wconf 88' lang='lat' dir='ltr'>Inter</span> <span class='ocrx_word' id='word_1_164' title='bbox 359 2367 466 2416; x_wconf 90' lang='lat' dir='ltr'>cuncta</span> <span class='ocrx_word' id='word_1_165' title='bbox 478 2356 566 2433; x_wconf 87' lang='lat' dir='ltr'>leges,</span> <span class='ocrx_word' id='word_1_166' title='bbox 580 2367 609 2414; x_wconf 91' lang='lat' dir='ltr'>et</span> <span class='ocrx_word' id='word_1_167' title='bbox 622 2357 826 2433; x_wconf 80' lang='lat' dir='ltr'>percontabere</span> <span class='ocrx_word' id='word_1_168' title='bbox 840 2359 948 2432; x_wconf 86' lang='lat' dir='ltr'>doctos,</span> 
     </span>
     <span class='ocr_line' id='line_1_27' title="bbox 227 2435 922 2511; baseline -0.01 -11"><span class='ocrx_word' id='word_1_169' title='bbox 227 2439 297 2501; x_wconf 77' lang='lat' dir='ltr'>Qud</span> <span class='ocrx_word' id='word_1_170' title='bbox 312 2438 420 2496; x_wconf 89' lang='lat' dir='ltr'>ratione</span> <span class='ocrx_word' id='word_1_171' title='bbox 433 2454 520 2511; x_wconf 87' lang='lat' dir='ltr'>queas</span> <span class='ocrx_word' id='word_1_172' title='bbox 533 2436 683 2493; x_wconf 79' lang='lat' dir='ltr'>traducere</span> <span class='ocrx_word' id='word_1_173' title='bbox 696 2435 798 2494; x_wconf 88' lang='lat' dir='ltr'>leniter</span> <span class='ocrx_word' id='word_1_174' title='bbox 812 2454 922 2506; x_wconf 80' lang='lat' dir='ltr'>arrum3</span> 
     </span>
     <span class='ocr_line' id='line_1_28' title="bbox 229 2513 918 2592; baseline -0.003 -16"><span class='ocrx_word' id='word_1_175' title='bbox 229 2517 276 2575; x_wconf 92' lang='lat' dir='ltr'>Ne</span> <span class='ocrx_word' id='word_1_176' title='bbox 290 2528 317 2576; x_wconf 92' lang='lat' dir='ltr'>te</span> <span class='ocrx_word' id='word_1_177' title='bbox 331 2535 443 2592; x_wconf 85' lang='lat' dir='ltr'>semper</span> <span class='ocrx_word' id='word_1_178' title='bbox 456 2513 538 2591; x_wconf 90' lang='lat' dir='ltr'>inops</span> <span class='ocrx_word' id='word_1_179' title='bbox 552 2514 640 2591; x_wconf 79' lang='lat' dir='ltr'>agitet</span> <span class='ocrx_word' id='word_1_180' title='bbox 652 2525 790 2591; x_wconf 82' lang='lat' dir='ltr'>vexetque</span> <span class='ocrx_word' id='word_1_181' title='bbox 803 2514 918 2592; x_wconf 89' lang='lat' dir='ltr'>cupido,</span> 
     </span>
     <span class='ocr_line' id='line_1_29' title="bbox 229 2593 1176 2674; baseline 0.001 -20"><span class='ocrx_word' id='word_1_182' title='bbox 229 2596 277 2654; x_wconf 92' lang='lat' dir='ltr'>Ne</span> <span class='ocrx_word' id='word_1_183' title='bbox 289 2615 384 2674; x_wconf 87' lang='lat' dir='ltr'>pavor,</span> <span class='ocrx_word' id='word_1_184' title='bbox 399 2606 428 2652; x_wconf 88' lang='lat' dir='ltr'>et</span> <span class='ocrx_word' id='word_1_185' title='bbox 441 2612 536 2652; x_wconf 90' lang='lat' dir='ltr'>rerum</span> <span class='ocrx_word' id='word_1_186' title='bbox 550 2593 730 2652; x_wconf 77' lang='lat' dir='ltr'>mediocriter</span> <span class='ocrx_word' id='word_1_187' title='bbox 744 2594 856 2652; x_wconf 87' lang='lat' dir='ltr'>utilium</span> <span class='ocrx_word' id='word_1_188' title='bbox 870 2614 951 2672; x_wconf 89' lang='lat' dir='ltr'>spes:</span> <span class='ocrx_word' id='word_1_189' title='bbox 1136 2597 1176 2655; x_wconf 79' lang='lat'>95</span> 
     </span>
     <span class='ocr_line' id='line_1_30' title="bbox 229 2674 886 2750; baseline -0.003 -16"><span class='ocrx_word' id='word_1_190' title='bbox 229 2676 371 2736; x_wconf 88' lang='lat' dir='ltr'>Virtutem</span> <span class='ocrx_word' id='word_1_191' title='bbox 385 2674 514 2732; x_wconf 92' lang='lat' dir='ltr'>doctrina</span> <span class='ocrx_word' id='word_1_192' title='bbox 528 2684 616 2750; x_wconf 85' lang='lat' dir='ltr'>paret,</span> <span class='ocrx_word' id='word_1_193' title='bbox 630 2684 769 2732; x_wconf 83' lang='lat' dir='ltr'>naturane</span> <span class='ocrx_word' id='word_1_194' title='bbox 783 2675 870 2732; x_wconf 90' lang='lat' dir='ltr'>donet</span> <span class='ocrx_word' id='word_1_195' title='bbox 878 2693 886 2743; x_wconf 91' lang='lat'>;</span> 
     </span>
     <span class='ocr_line' id='line_1_31' title="bbox 228 2753 996 2826; baseline -0.008 -10"><span class='ocrx_word' id='word_1_196' title='bbox 228 2755 309 2817; x_wconf 77' lang='lat' dir='ltr'>Quid</span> <span class='ocrx_word' id='word_1_197' title='bbox 323 2754 433 2812; x_wconf 90' lang='lat' dir='ltr'>minuat</span> <span class='ocrx_word' id='word_1_198' title='bbox 446 2771 539 2823; x_wconf 88' lang='lat' dir='ltr'>curas,</span> <span class='ocrx_word' id='word_1_199' title='bbox 553 2753 621 2826; x_wconf 88' lang='lat' dir='ltr'>quid</span> <span class='ocrx_word' id='word_1_200' title='bbox 634 2762 662 2810; x_wconf 86' lang='lat' dir='ltr'>te</span> <span class='ocrx_word' id='word_1_201' title='bbox 676 2754 728 2823; x_wconf 76' lang='lat' dir='ltr'>tibi</span> <span class='ocrx_word' id='word_1_202' title='bbox 741 2753 842 2810; x_wconf 88' lang='lat' dir='ltr'>reddat</span> <span class='ocrx_word' id='word_1_203' title='bbox 855 2753 996 2823; x_wconf 87' lang='lat' dir='ltr'>amicum;</span> 
     </span>
     <span class='ocr_line' id='line_1_32' title="bbox 228 2829 1004 2908; baseline -0.003 -18"><span class='ocrx_word' id='word_1_204' title='bbox 228 2834 311 2895; x_wconf 76' lang='lat' dir='ltr'>Quid</span> <span class='ocrx_word' id='word_1_205' title='bbox 324 2829 395 2908; x_wconf 70' lang='lat' dir='ltr'>pure</span> <span class='ocrx_word' id='word_1_206' title='bbox 409 2829 582 2905; x_wconf 90' lang='lat' dir='ltr'>tranquillet,</span> <span class='ocrx_word' id='word_1_207' title='bbox 596 2831 697 2901; x_wconf 84' lang='lat' dir='ltr'>honos,</span> <span class='ocrx_word' id='word_1_208' title='bbox 710 2850 747 2886; x_wconf 88' lang='lat' dir='ltr'>an</span> <span class='ocrx_word' id='word_1_209' title='bbox 761 2831 846 2886; x_wconf 90' lang='lat' dir='ltr'>dulce</span> <span class='ocrx_word' id='word_1_210' title='bbox 860 2829 1004 2903; x_wconf 88' lang='lat' dir='ltr'>lucellum,</span> 
     </span>
     <span class='ocr_line' id='line_1_33' title="bbox 230 2907 888 2978; baseline -0.009 -8"><span class='ocrx_word' id='word_1_211' title='bbox 230 2914 279 2970; x_wconf 86' lang='lat' dir='ltr'>An</span> <span class='ocrx_word' id='word_1_212' title='bbox 294 2921 434 2968; x_wconf 88' lang='lat' dir='ltr'>secretum</span> <span class='ocrx_word' id='word_1_213' title='bbox 448 2910 511 2978; x_wconf 90' lang='lat' dir='ltr'>iter,</span> <span class='ocrx_word' id='word_1_214' title='bbox 524 2917 554 2964; x_wconf 89' lang='lat' dir='ltr'>at</span> <span class='ocrx_word' id='word_1_215' title='bbox 567 2907 689 2964; x_wconf 84' lang='lat' dir='ltr'>fallentis</span> <span class='ocrx_word' id='word_1_216' title='bbox 702 2907 803 2964; x_wconf 87' lang='lat' dir='ltr'>semita</span> <span class='ocrx_word' id='word_1_217' title='bbox 817 2908 888 2964; x_wconf 83' lang='lat' dir='ltr'>vitae.</span> 
     </span>
     <span class='ocr_line' id='line_1_34' title="bbox 164 2984 1177 3066; baseline 0.006 -26"><span class='ocrx_word' id='word_1_218' title='bbox 164 3035 167 3040; x_wconf 91' lang='lat'>.</span> <span class='ocrx_word' id='word_1_219' title='bbox 244 3059 247 3066; x_wconf 21' lang='grc' dir='ltr'>ἱ</span> <span class='ocrx_word' id='word_1_220' title='bbox 270 2989 321 3047; x_wconf 88' lang='lat' dir='ltr'>Me</span> <span class='ocrx_word' id='word_1_221' title='bbox 334 2987 445 3063; x_wconf 89' lang='lat' dir='ltr'>quoties</span> <span class='ocrx_word' id='word_1_222' title='bbox 458 2984 550 3042; x_wconf 87' lang='lat' dir='ltr'>reficit</span> <span class='ocrx_word' id='word_1_223' title='bbox 562 2985 673 3061; x_wconf 89' lang='lat' dir='ltr'>gelidus</span> <span class='ocrx_word' id='word_1_224' title='bbox 687 2985 823 3062; x_wconf 83' lang='lat' dir='ltr'>Digentia</span> <span class='ocrx_word' id='word_1_225' title='bbox 836 2987 921 3059; x_wconf 85' lang='lat' dir='ltr'>rivus,</span> <span class='ocrx_word' id='word_1_226' title='bbox 1121 2988 1177 3046; x_wconf 83' lang='lat'>100</span> 
     </span>
     <span class='ocr_line' id='line_1_35' title="bbox 186 3063 940 3150; baseline -0.007 -23"><span class='ocrx_word' id='word_1_227' title='bbox 186 3071 189 3076; x_wconf 86' lang='grc'><strong>’</strong></span> <span class='ocrx_word' id='word_1_228' title='bbox 217 3063 329 3150; x_wconf 53' lang='lat' dir='ltr'>‘Quem</span> <span class='ocrx_word' id='word_1_229' title='bbox 344 3065 481 3124; x_wconf 84' lang='lat' dir='ltr'>Mandela</span> <span class='ocrx_word' id='word_1_230' title='bbox 495 3063 576 3135; x_wconf 89' lang='lat' dir='ltr'>bibit,</span> <span class='ocrx_word' id='word_1_231' title='bbox 590 3082 710 3140; x_wconf 85' lang='lat' dir='ltr'>rugosus</span> <span class='ocrx_word' id='word_1_232' title='bbox 724 3064 826 3140; x_wconf 84' lang='lat' dir='ltr'>frigore</span> <span class='ocrx_word' id='word_1_233' title='bbox 840 3083 940 3141; x_wconf 86' lang='lat' dir='ltr'>pagus,</span> 
     </span>
     <span class='ocr_line' id='line_1_36' title="bbox 159 3142 1011 3220; baseline -0.008 -12"><span class='ocrx_word' id='word_1_234' title='bbox 159 3155 167 3166; x_wconf 72' lang='lat'>⁴</span> <span class='ocrx_word' id='word_1_235' title='bbox 229 3149 311 3212; x_wconf 70' lang='lat' dir='ltr'>Quid</span> <span class='ocrx_word' id='word_1_236' title='bbox 325 3145 430 3204; x_wconf 91' lang='lat' dir='ltr'>sentire</span> <span class='ocrx_word' id='word_1_237' title='bbox 444 3143 546 3220; x_wconf 87' lang='lat' dir='ltr'>putasl</span> <span class='ocrx_word' id='word_1_238' title='bbox 566 3142 633 3217; x_wconf 87' lang='lat' dir='ltr'>quid</span> <span class='ocrx_word' id='word_1_239' title='bbox 647 3143 751 3214; x_wconf 89' lang='lat' dir='ltr'>credis,</span> <span class='ocrx_word' id='word_1_240' title='bbox 766 3143 867 3215; x_wconf 87' lang='lat' dir='ltr'>amice,</span> <span class='ocrx_word' id='word_1_241' title='bbox 881 3143 1011 3218; x_wconf 88' lang='lat' dir='ltr'>precaril</span> 
     </span>
     <span class='ocr_line' id='line_1_37' title="bbox 230 3221 1100 3300; baseline -0.007 -13"><span class='ocrx_word' id='word_1_242' title='bbox 230 3229 304 3287; x_wconf 81' lang='lat' dir='ltr'>“Sit</span> <span class='ocrx_word' id='word_1_243' title='bbox 318 3225 388 3284; x_wconf 89' lang='lat' dir='ltr'>mihi</span> <span class='ocrx_word' id='word_1_244' title='bbox 402 3224 478 3300; x_wconf 92' lang='lat' dir='ltr'>quod</span> <span class='ocrx_word' id='word_1_245' title='bbox 492 3241 571 3280; x_wconf 90' lang='lat' dir='ltr'>nunc</span> <span class='ocrx_word' id='word_1_246' title='bbox 584 3233 637 3294; x_wconf 91' lang='lat' dir='ltr'>est,</span> <span class='ocrx_word' id='word_1_247' title='bbox 651 3221 737 3280; x_wconf 90' lang='lat' dir='ltr'>etiam</span> <span class='ocrx_word' id='word_1_248' title='bbox 751 3221 862 3280; x_wconf 91' lang='lat' dir='ltr'>minus:</span> <span class='ocrx_word' id='word_1_249' title='bbox 882 3232 912 3280; x_wconf 92' lang='lat' dir='ltr'>et</span> <span class='ocrx_word' id='word_1_250' title='bbox 925 3222 995 3280; x_wconf 90' lang='lat' dir='ltr'>mibi</span> <span class='ocrx_word' id='word_1_251' title='bbox 1008 3221 1100 3281; x_wconf 83' lang='lat' dir='ltr'>vivam</span> 
     </span>
     <span class='ocr_line' id='line_1_38' title="bbox 192 3300 990 3380; baseline -0.008 -14"><span class='ocrx_word' id='word_1_252' title='bbox 192 3349 194 3354; x_wconf 88' lang='lat'>-</span> <span class='ocrx_word' id='word_1_253' title='bbox 228 3307 318 3370; x_wconf 85' lang='lat' dir='ltr'>Quod</span> <span class='ocrx_word' id='word_1_254' title='bbox 332 3313 460 3380; x_wconf 83' lang='lat' dir='ltr'>superest</span> <span class='ocrx_word' id='word_1_255' title='bbox 473 3301 535 3374; x_wconf 81' lang='lat' dir='ltr'>aeri,</span> <span class='ocrx_word' id='word_1_256' title='bbox 549 3301 573 3359; x_wconf 87' lang='lat' dir='ltr'>si</span> <span class='ocrx_word' id='word_1_257' title='bbox 587 3302 654 3378; x_wconf 91' lang='lat' dir='ltr'>quid</span> <span class='ocrx_word' id='word_1_258' title='bbox 668 3317 815 3379; x_wconf 87' lang='lat' dir='ltr'>superesse</span> <span class='ocrx_word' id='word_1_259' title='bbox 829 3301 927 3360; x_wconf 78' lang='lat' dir='ltr'>volunt</span> <span class='ocrx_word' id='word_1_260' title='bbox 940 3300 990 3360; x_wconf 87' lang='lat' dir='ltr'>di:</span> 
     </span>
     <span class='ocr_line' id='line_1_39' title="bbox 230 3381 1178 3458; baseline -0.013 -12"><span class='ocrx_word' id='word_1_261' title='bbox 230 3387 276 3445; x_wconf 82' lang='lat' dir='ltr'>Sit</span> <span class='ocrx_word' id='word_1_262' title='bbox 288 3387 364 3444; x_wconf 89' lang='lat' dir='ltr'>bona</span> <span class='ocrx_word' id='word_1_263' title='bbox 376 3384 511 3441; x_wconf 86' lang='lat' dir='ltr'>librorum</span> <span class='ocrx_word' id='word_1_264' title='bbox 525 3393 555 3439; x_wconf 89' lang='lat' dir='ltr'>et</span> <span class='ocrx_word' id='word_1_265' title='bbox 567 3382 685 3458; x_wconf 76' lang='lat' dir='ltr'>provisae</span> <span class='ocrx_word' id='word_1_266' title='bbox 699 3381 788 3458; x_wconf 84' lang='lat' dir='ltr'>frugis</span> <span class='ocrx_word' id='word_1_267' title='bbox 802 3381 832 3439; x_wconf 91' lang='lat' dir='ltr'>in</span> <span class='ocrx_word' id='word_1_268' title='bbox 845 3399 954 3438; x_wconf 87' lang='lat' dir='ltr'>annum</span> <span class='ocrx_word' id='word_1_269' title='bbox 1122 3383 1178 3442; x_wconf 78' lang='lat'>105</span> 
     </span>
     <span class='ocr_line' id='line_1_40' title="bbox 231 3461 966 3540; baseline -0.008 -17"><span class='ocrx_word' id='word_1_270' title='bbox 231 3465 340 3540; x_wconf 80' lang='lat' dir='ltr'>Copia3</span> <span class='ocrx_word' id='word_1_271' title='bbox 361 3482 418 3522; x_wconf 90' lang='lat' dir='ltr'>neu</span> <span class='ocrx_word' id='word_1_272' title='bbox 433 3461 541 3519; x_wconf 86' lang='lat' dir='ltr'>fluitem</span> <span class='ocrx_word' id='word_1_273' title='bbox 555 3461 650 3519; x_wconf 84' lang='lat' dir='ltr'>dubiae</span> <span class='ocrx_word' id='word_1_274' title='bbox 664 3481 714 3537; x_wconf 90' lang='lat' dir='ltr'>spe</span> <span class='ocrx_word' id='word_1_275' title='bbox 727 3461 868 3538; x_wconf 85' lang='lat' dir='ltr'>pendulus</span> <span class='ocrx_word' id='word_1_276' title='bbox 882 3461 966 3517; x_wconf 81' lang='lat' dir='ltr'>horae.</span> 
     </span>
     <span class='ocr_line' id='line_1_41' title="bbox 209 3538 979 3616; baseline -0.004 -15"><span class='ocrx_word' id='word_1_277' title='bbox 209 3573 212 3578; x_wconf 92' lang='lat'>·</span> <span class='ocrx_word' id='word_1_278' title='bbox 232 3543 290 3601; x_wconf 86' lang='lat' dir='ltr'>Sed</span> <span class='ocrx_word' id='word_1_279' title='bbox 304 3539 373 3600; x_wconf 82' lang='lat' dir='ltr'>satia</span> <span class='ocrx_word' id='word_1_280' title='bbox 385 3552 429 3600; x_wconf 91' lang='lat' dir='ltr'>est</span> <span class='ocrx_word' id='word_1_281' title='bbox 440 3559 522 3599; x_wconf 87' lang='lat' dir='ltr'>orare</span> <span class='ocrx_word' id='word_1_282' title='bbox 536 3540 638 3599; x_wconf 84' lang='lat' dir='ltr'>lovem</span> <span class='ocrx_word' id='word_1_283' title='bbox 651 3559 715 3616; x_wconf 77' lang='lat' dir='ltr'>quae</span> <span class='ocrx_word' id='word_1_284' title='bbox 729 3541 816 3598; x_wconf 90' lang='lat' dir='ltr'>donat</span> <span class='ocrx_word' id='word_1_285' title='bbox 828 3551 857 3598; x_wconf 90' lang='lat' dir='ltr'>et</span> <span class='ocrx_word' id='word_1_286' title='bbox 871 3538 979 3598; x_wconf 84' lang='lat' dir='ltr'>aufert:</span> 
     </span>
     <span class='ocr_line' id='line_1_42' title="bbox 231 3617 1107 3697; baseline 0 -17"><span class='ocrx_word' id='word_1_287' title='bbox 231 3621 289 3680; x_wconf 91' lang='lat' dir='ltr'>Det</span> <span class='ocrx_word' id='word_1_288' title='bbox 302 3620 397 3695; x_wconf 79' lang='lat' dir='ltr'>vitam,</span> <span class='ocrx_word' id='word_1_289' title='bbox 411 3621 459 3678; x_wconf 90' lang='lat' dir='ltr'>det</span> <span class='ocrx_word' id='word_1_290' title='bbox 472 3638 559 3697; x_wconf 86' lang='lat' dir='ltr'>opes;</span> <span class='ocrx_word' id='word_1_291' title='bbox 581 3638 693 3696; x_wconf 71' lang='lat' dir='ltr'>[equum</span> <span class='ocrx_word' id='word_1_292' title='bbox 707 3617 747 3676; x_wconf 86' lang='lat' dir='ltr'>mi</span> <span class='ocrx_word' id='word_1_293' title='bbox 762 3619 889 3677; x_wconf 87' lang='lat' dir='ltr'>animum</span> <span class='ocrx_word' id='word_1_294' title='bbox 903 3619 963 3696; x_wconf 90' lang='lat' dir='ltr'>ipse</span> <span class='ocrx_word' id='word_1_295' title='bbox 975 3617 1107 3697; x_wconf 72' lang='lat' dir='ltr'>putabo-’¹</span> 
     </span>
    </p>
   </div>
   <div class='ocr_carea' id='block_1_5' title="bbox 0 0 1363 4362">
    <p class='ocr_par' dir='ltr' id='par_1_6' title="bbox 0 0 1363 4362">
     <span class='ocr_line' id='line_1_43' title="bbox 0 0 1363 4362; baseline 0 0"><span class='ocrx_word' id='word_1_296' title='bbox 0 0 1363 4362; x_wconf 95' lang='lat' dir='ltr'> </span> 
     </span>
    </p>
   </div>
  </div>
 </body>
</html>
