2756 4366
528 353 728 403 CARMINUM
745 353 810 403 LIB.
828 355 863 403 11.

358 493 454 554 Loetus
467 496 498 554 in
511 516 636 573 praesens
649 498 763 556 unimus
775 498 851 572 quod
865 497 940 557 ultrt
952 509 997 558 est

356 574 459 634 Oderit
470 594 581 648 curare,
595 587 624 634 et
638 577 825 636 amarulente

357 651 514 732 Temperet
526 655 595 712 risu.
635 653 718 714 Nihil
731 665 775 714 est
789 656 825 712 ab
839 657 917 715 omni

553 734 638 791 Psrte
652 733 774 791 beatum.
926 763 930 766 ·

357 810 485 869 Abstulit
498 811 607 870 clarum
621 813 678 873 citt
691 831 767 871 mors
781 813 941 884 Achillem

356 889 457 966 Longa
470 888 629 948 Tithonum
642 891 747 950 minuit
759 903 910 962 senectns3

356 967 396 1026 Et
408 967 479 1026 mihi
493 969 597 1042 forsan,
610 970 661 1028 tibi
674 971 750 1046 quod
763 969 885 1047 negdrit,

555 1047 684 1123 Porriget
696 1049 773 1106 horn.

358 1123 405 1183 Te
417 1143 521 1201 greges
534 1136 651 1183 eentum
666 1126 828 1203 Siculaque
841 1127 951 1189 nircum

356 1202 494 1280 Mugiunt
507 1221 622 1274 venem
643 1204 695 1262 tibi
709 1205 781 1262 tollit
794 1205 938 1268 hinnitum

311 1355 315 1364 1
355 1283 433 1360 Apte
445 1281 590 1358 quadrigis
603 1301 676 1360 equn
684 1303 698 1354 ;Ιχ
713 1293 742 1341 te
756 1284 800 1341 bis
813 1284 886 1342 Afro

469 1371 472 1376 ’
552 1359 666 1419 Murice
679 1363 776 1420 tinette

355 1439 490 1499 vestiunt
502 1439 593 1497 lane:
613 1440 683 1498 mihi
696 1460 782 1518 parva
794 1460 861 1500 rurs
873 1453 904 1500 et

356 1518 495 1594 Spiritum
507 1519 602 1576 Graiae
614 1529 732 1577 tenuem
744 1519 892 1579 Cnmoenae

355 1595 447 1656 Peren
459 1615 518 1655 non
530 1597 655 1656 mendax
667 1599 756 1669 dedit,
770 1609 800 1656 et
811 1599 969 1677 malignum

554 1677 694 1752 spernere
707 1677 817 1753 vulgus.

604 1983 688 2044 ODE
700 1986 785 2046 XIV.
891 1993 896 2006 ⁸

474 2124 515 2164 en
529 2108 728 2163 uncnuennrr
748 2123 909 2186 nunonuu.

356 2219 423 2282 (iun
435 2241 482 2282 me
494 2223 616 2298 querelis
629 2223 776 2280 exanimes
789 2222 846 2280 tuis
856 2223 869 2280 t

355 2301 421 2361 Nee
434 2301 480 2360 dis
493 2302 617 2360 amioum
631 2311 684 2374 est,
697 2319 753 2360 nee
765 2301 846 2375 mihi,
860 2311 889 2360 te
902 2299 981 2378 pride

394 2379 494 2454 Obire,
508 2379 665 2452 Maeeenns,
678 2398 807 2438 mearum

433 2460 551 2517 Grande
564 2459 654 2516 decus
667 2459 857 2533 uolumenque
867 2477 974 2523 rerum.

355 2537 423 2596 Ah!
444 2548 474 2596 te
487 2555 558 2596 mee
571 2537 597 2596 si
610 2547 718 2614 purtem
733 2537 835 2594 enimn
849 2537 922 2614 rupit

354 2614 493 2676 Maturior
507 2617 558 2690 vis,
571 2617 641 2693 quid
654 2636 747 2675 moror
761 2617 857 2689 nitere,

393 2694 460 2754 Neo
473 2713 557 2756 eurus
571 2693 662 2772 sique,
677 2715 732 2754 nee
746 2706 890 2772 superstes

432 2773 568 2852 Integer?
588 2774 642 2834 Ille
655 2776 717 2833 dies
731 2786 879 2848 utrumque

354 2852 451 2910 Duuet
463 2855 584 2910 ruinam.
625 2852 695 2910 Non
709 2871 764 2929 ego
776 2851 915 2927 perfidum

353 2930 422 2990 Dixi
436 2941 662 2988 sacramentum:
683 2930 796 3004 ibimus,
811 2931 924 3004 ibimus,

396 3008 549 3085 Utcunque
562 3010 717 3085 precedes,
731 3029 894 3086 supremum

433 3085 558 3162 Carpere
572 3088 625 3144 iter
638 3089 757 3144 comites
769 3089 868 3163 petati

354 3164 405 3224 Me
418 3182 474 3222 nee
488 3163 639 3220 Chimaerae
653 3164 767 3237 spiritus
780 3165 882 3239 ignem,

353 3243 430 3317 Neo,
444 3243 468 3301 si
482 3251 610 3318 resurget
624 3240 804 3298 oentimnnus
817 3241 924 3317 Gyges,

393 3322 516 3381 Divellet
530 3338 671 3397 uuquam:
692 3319 735 3390 sie
747 3320 856 3396 potenti

431 3401 555 3460 Justitiae
568 3399 759 3476 placitumque
773 3399 879 3457 Parcis.

354 3481 414 3540 Seu
427 3480 523 3553 Libra,
538 3497 589 3536 seu
603 3498 649 3538 me
664 3478 800 3555 Seorpius
813 3477 915 3556 aspicit

354 3559 576 3632 Formidolosus,
590 3577 655 3635 pnrs
668 3558 816 3616 violentior

392 3636 505 3696 Natalis
518 3639 605 3709 horis,
619 3656 671 3694 seu
684 3647 822 3711 tyrannus

433 3715 581 3794 Hesperie
595 3715 787 3790 Ceprieornus
800 3715 899 3785 undre;

354 3793 511 3870 Utrumque
524 3793 653 3853 nostrum
666 3792 826 3851 incredibili
838 3795 923 3852 modo

354 3872 506 3932 Consentit
516 3884 631 3930 nstrum.
673 3871 720 3929 Te
732 3871 811 3932 Jovis
823 3873 911 3952 ἰωρίο
