2706 4362
497 335 529 392 Q.
546 329 693 384 nondun
710 329 834 382 FLAGGI

545 554 704 614 sisinn
725 529 777 612 vi.
799 621 803 628 ⁴

524 692 565 732 An
585 689 793 732 MAEcsNA'rum.

209 796 290 870 Non,
304 796 380 872 quis,
395 793 550 866 Maecenas,
564 793 710 869 Lydorum
723 787 861 866 quidquid
875 788 1011 850 Etruscos

209 877 334 936 incoluit
347 875 430 947 fines,
443 893 529 933 nemo
542 871 705 949 generosior
719 880 762 927 est
775 880 819 939 te;

209 955 240 1013 N
241 975 275 1014 ec
290 951 367 1030 qudd
381 972 450 1010 avus
463 953 514 1010 tibi
529 962 675 1008 maternus
688 949 743 1007 suit
756 958 840 1025 etque
853 958 990 1026 petemus

209 1034 289 1092 Olim
302 1033 350 1110 qui
365 1033 477 1108 mugnis
489 1030 650 1107 legionibus
664 1029 861 1104 imperitarent
869 1048 877 1098 ;

209 1112 248 1171 Ut
261 1113 388 1189 plerique
402 1111 502 1182 solent,
516 1127 586 1167 nuso
599 1107 750 1184 suspendis
763 1108 877 1165 adunco

210 1190 337 1268 ignotos,
352 1202 384 1248 ut
396 1209 443 1248 me
456 1189 588 1247 libertino
600 1199 681 1263 patre
695 1197 813 1244 nutum:

170 1311 173 1320 -
209 1271 311 1332 Quum
326 1267 429 1327 referre
443 1287 540 1344 neges,
554 1267 630 1343 quali
645 1267 681 1323 sit
694 1266 811 1340 quisque
825 1275 942 1341 parente

209 1348 239 1407 N
241 1361 313 1421 stus,
328 1350 394 1406 dum
410 1347 559 1424 ingenuus.
601 1345 760 1402 Persusdcs
774 1345 828 1402 hoc
841 1344 894 1401 tibi
907 1341 983 1418 vere,

210 1429 288 1486 Ante
301 1437 468 1504 potestatem
482 1423 563 1482 Tulli
578 1435 661 1500 etque
675 1423 800 1500 ignobile
814 1441 944 1499 regnum,

211 1507 318 1565 Multos
331 1501 407 1582 saepri
421 1505 494 1564 viros
507 1504 594 1562 nullis
607 1503 761 1578 majoribus
773 1512 849 1562 ortos
1117 1503 1154 1560 10
1236 1587 1239 1592 Ι
1304 1482 1309 1489 “

209 1585 248 1644 Et
262 1586 363 1643 vixisse
377 1585 489 1661 probos,
503 1584 604 1659 amplis
617 1592 646 1640 et
660 1581 815 1640 bonoribus
829 1591 944 1639 suctos:

210 1663 328 1736 Contrd,
342 1663 500 1734 Laevinum,
514 1661 611 1720 Valeri
625 1680 726 1740 genus,
740 1661 818 1717 unde
832 1660 978 1736 Superbus

210 1743 385 1819 Tarquinius
398 1762 488 1818 regno
501 1743 598 1818 pulsus
612 1741 675 1814 suit,
689 1740 775 1799 unius
788 1740 859 1796 ossis

210 1822 278 1881 Non
292 1841 419 1899 unquam
431 1822 521 1898 pretio
533 1820 622 1896 pluris
634 1819 760 1891 licuisse,
775 1828 890 1877 notente

210 1901 228 1958 J
231 1903 325 1974 udice,
339 1920 423 1977 quem
436 1900 523 1971 obsti,
536 1899 650 1976 populo,
664 1900 711 1974 qui
725 1899 828 1956 stultus
842 1899 965 1956 bonores
1117 1899 1154 1956 15

211 1977 294 2057 Saepe
309 1982 358 2039 det
371 1980 497 2056 indignis
510 1989 539 2036 et
553 1979 635 2036 tumre
648 1979 733 2036 servit
746 1979 876 2054 ineptus3
1035 2049 1037 2058 Ι

209 2060 272 2120 Qui
287 2071 379 2135 stupet
392 2061 422 2118 in
436 2059 525 2117 titulis
539 2070 567 2116 et
581 2057 760 2133 imaginibus.
801 2056 883 2118 Quid
909 2067 1017 2134 oportet
1069 2081 1074 2092 *

210 2137 273 2196 Nos
287 2139 390 2208 secere,
405 2139 522 2213 evulgo
534 2133 619 2212 longe
633 2135 746 2210 lateque
760 2137 902 2194 remotosl
1027 2155 1029 2158 ·

210 2216 343 2291 Namque
357 2228 427 2289 esto,
440 2215 561 2292 populus
574 2214 690 2273 Laevino
703 2215 800 2274 mullet
814 2216 951 2274 honorem

209 2293 309 2357 Quum
323 2294 414 2353 Decio
427 2295 563 2353 mandare
576 2313 665 2364 novo;
686 2313 843 2370 censorque
856 2306 980 2353 moveret
1115 2293 1155 2354 20

211 2374 331 2451 Appius,
346 2374 471 2450 ingenuo
484 2374 508 2432 si
522 2393 580 2433 non
594 2393 686 2432 essem
699 2384 778 2451 petre
792 2385 892 2436 notus:

210 2455 265 2511 Vel
279 2451 391 2526 merito,
404 2455 537 2530 quonism
552 2454 581 2512 in
595 2453 708 2530 proprisi
723 2474 781 2512 non
795 2454 868 2530 pelle
882 2451 1034 2530 quiessem.

211 2534 269 2590 Sed
284 2532 408 2608 fulgente
421 2535 506 2591 trahit
519 2534 687 2592 constrictos
699 2533 797 2591 Gloria
811 2551 896 2590 curru

210 2611 278 2669 Non
292 2609 388 2668 minus
402 2612 513 2687 ignotos
526 2613 680 2690 generosis.
720 2610 791 2674 Qud
805 2613 866 2684 tibi,
881 2611 971 2686 Tulli,

211 2691 331 2748 Sumere
345 2691 503 2767 depositum
518 2692 639 2763 clavum,
654 2691 769 2767 fierique
783 2691 930 2749 tribunol
1113 2691 1154 2750 25

211 2769 322 2827 invidia
336 2771 469 2843 accrevit,
483 2771 591 2847 privato
603 2789 667 2846 quae
680 2770 772 2829 rninor
785 2782 879 2841 esset3

210 2847 241 2905 N
243 2867 299 2921 om,
313 2849 475 2925 utquisque
489 2851 607 2908 insonus
620 2850 709 2926 nigris
723 2851 849 2908 medium
863 2849 994 2926 impediit
1006 2867 1072 2908 crus

210 2928 346 3000 Pellibus,
361 2938 390 2986 et
402 2929 489 2986 letum
504 2930 618 2988 demisit
630 2940 744 3006 pectore
757 2930 879 3002 clavum,

211 3009 302 3066 Audit
311 3005 458 3080 continuo,
471 3008 575 3070 “Quis
586 3009 670 3068 borno
681 3009 765 3066 hicl''
782 3021 821 3082 et,
834 3014 851 3040 “
860 3008 930 3070 Quo
940 3009 1152 3087 potrexnetusll’

210 3085 258 3161 Ut,
273 3087 296 3146 si
310 3089 358 3164 qui
372 3099 489 3164 aegrotet
502 3108 558 3164 quo
571 3089 669 3147 morbo
682 3087 796 3162 Barrus,
811 3089 909 3147 boberi
1115 3087 1155 3146 3⁰

209 3167 250 3225 Ut
262 3168 358 3244 cupiat
371 3169 519 3241 formosus,
533 3179 580 3226 eat
593 3168 771 3244 quiscunque,
785 3168 887 3243 puellis

210 3245 327 3322 Injiciat
339 3266 437 3306 curem
451 3248 596 3322 quaerendi
610 3247 731 3322 singule,
745 3248 821 3322 quali

211 3325 256 3384 Sit
270 3327 351 3400 facio,
366 3327 432 3383 suri
442 3327 528 3403 quali,
542 3327 625 3402 pede,
639 3326 734 3398 dente,
749 3325 867 3404 capillo:

212 3404 262 3460 Sic
275 3406 322 3478 qui
336 3405 481 3482 promittit,
495 3406 581 3476 cives,
596 3403 702 3461 Urbem
717 3406 770 3463 sibi
784 3425 869 3478 curse,

211 3479 367 3557 Imperium
378 3485 446 3557 fore,
460 3495 489 3542 et
503 3482 625 3554 Italiam,
639 3494 668 3540 et
681 3483 798 3542 delubra
812 3486 948 3556 deorum;
1118 3483 1157 3543 35

211 3559 280 3621 Quo
292 3573 371 3637 patre
385 3563 421 3620 sit
435 3574 528 3636 notus,
542 3582 612 3621 num
625 3563 722 3638 ignoto
735 3577 825 3622 matre
838 3565 1015 3638 inhonestus,

212 3638 322 3696 Omnes
335 3642 468 3699 mortales
481 3661 581 3700 curere
595 3652 624 3700 et
636 3661 762 3718 querere
775 3643 902 3719 cogit.-

211 3716 299 3775 Tnne
314 3717 388 3794 Syri,
402 3719 512 3794 Deme,
526 3733 575 3779 aut
589 3720 710 3796 Dionysi
724 3721 808 3793 filius,
822 3723 911 3780 sudes

212 3795 344 3872 Dejicere
358 3815 374 3853 e
388 3817 455 3855 sexo
468 3801 553 3872 cives,
565 3811 614 3857 out
626 3801 737 3858 trudere
751 3800 862 3858 Cadmo
870 3803 922 3858 l—

212 3875 255 3931 At
266 3875 377 3933 Novius
392 3874 500 3949 collega
513 3879 603 3951 gradu
615 3891 679 3952 post
693 3898 739 3936 me
752 3880 832 3936 sedet
846 3898 921 3938 uno:
1120 3879 1160 3934 40
