2756 4366
427 319 433 329 s
479 357 511 418 Q.
529 359 675 410 HORATll
693 359 817 410 FLACCI

473 502 536 562 Nos
550 500 728 562 cantabimus
742 503 865 562 invicem

313 582 491 662 Neptunum,
500 594 529 640 et
543 584 646 642 virides
660 583 820 642 Nereidum
834 600 948 641 comes:

471 661 520 719 Tu
534 665 621 720 curvd
635 664 747 721 recines
761 662 822 738 lyrtl

313 742 463 814 Latonam,
477 752 506 798 et
520 743 621 799 celeris
636 742 745 818 spiculo
756 741 906 816 Cynthio:

473 821 592 878 Summo
607 822 744 892 carmine,
760 838 822 896 quae
837 819 953 878 Cnidon

314 899 526 977 l'ulgentesque
541 911 620 961 tenet
634 899 785 976 Cycladas,
799 909 830 956 et
842 897 960 974 Paphon

473 977 491 1034 J
493 980 588 1036 unctis
602 981 666 1038 visit
679 979 822 1038 oloribus:
1056 998 1063 1011 ·

313 1059 435 1116 Dicetur
448 1060 550 1116 meriti
564 1057 631 1117 Nox
644 1075 755 1136 quoque
766 1056 869 1115 naeuisi.

543 1371 628 1430 oon
648 1370 767 1430 xxru.
816 1453 818 1457 ,

513 1511 554 1550 An
575 1509 783 1550 MluanATuM.

316 1611 493 1670 Trnnnurm
513 1621 614 1686 regum
628 1609 789 1686 progenies,
803 1609 856 1667 tibi

317 1689 386 1748 Non
401 1687 467 1748 antd
481 1707 562 1746 verso
575 1689 640 1745 lene
655 1707 765 1746 merum
779 1689 852 1746 codo

358 1769 434 1826 Cum
448 1767 526 1840 flore,
541 1766 699 1838 Maecenss,
712 1785 850 1840 rosarum,
864 1777 894 1824 et

398 1846 500 1904 Pressa
513 1846 571 1904 tuis
584 1845 703 1902 balanus
717 1845 827 1922 cupillis

318 1926 495 1984 Jsmdudum
510 1925 585 2000 apud
600 1943 647 1982 me
660 1933 712 1981 est.
754 1923 842 2000 Eripe
855 1934 884 1982 te
898 1942 1002 1982 moroe:

320 2003 350 2063 N
352 2024 369 2062 e
383 2023 494 2079 semper
509 2004 598 2060 udum
612 2001 706 2059 Tibur
720 2011 749 2060 et
763 2002 872 2059 AEsulae

358 2083 478 2140 Declive
492 2080 692 2155 contempleris
706 2099 813 2152 arvum,
827 2091 857 2138 et

397 2159 540 2234 Telegoni
551 2159 621 2232 juga
633 2158 791 2232 parricide,

320 2237 509 2296 Fastidiosam
523 2237 622 2292 desere
637 2235 759 2310 copiam,
772 2245 802 2293 et

320 2316 428 2374 Molem
441 2313 627 2392 propinquam
641 2313 765 2372 nubibus
778 2314 891 2373 arduis:

359 2394 469 2452 Omitte
483 2393 578 2452 mirari
592 2393 682 2450 beotoe

399 2473 525 2531 Fumum
538 2485 567 2530 et
580 2492 648 2549 opes
662 2473 865 2550 strepitumque
879 2472 990 2532 Romae.

320 2550 493 2627 Plerumque
506 2563 594 2627 grutae
608 2553 742 2608 divitibus
756 2553 852 2621 vices;

320 2631 496 2706 Mundteque
509 2648 595 2706 parvo
609 2630 662 2687 sub
675 2631 733 2687 lare
746 2648 904 2706 pauperum

361 2710 470 2781 Coenae,
485 2710 547 2766 sine
561 2709 702 2767 eulaeiset
715 2721 800 2782 ostro,

401 2788 558 2846 Sollicitam
572 2787 736 2864 explicuere
751 2787 880 2846 frontem.

322 2868 340 2926 J
343 2886 388 2926 om
402 2867 496 2925 clarus
508 2867 653 2926 occultum
665 2868 865 2926 Andromedes
874 2877 954 2944 peter

320 2947 458 3006 Ostendit
472 2947 586 3024 ignem:
606 2947 665 3024 jam
679 2948 809 3023 Procyon
824 2947 901 3020 furit,

361 3027 400 3084 Et
412 3026 493 3084 stella
507 3027 606 3084 vesani
620 3026 736 3100 Leonis,

402 3105 470 3164 Sole
485 3105 547 3163 dies
559 3106 700 3164 referente
714 3106 815 3166 siccos.
921 3153 923 3158 .

321 3185 340 3242 J
343 3205 389 3243 am
402 3197 497 3262 pastor
511 3186 626 3244 umbras
639 3205 705 3244 cum
720 3205 806 3264 grege
821 3185 957 3262 languido
1054 3199 1059 3212 ¹

299 3271 303 3276 '
321 3266 486 3342 Rivumque
501 3266 592 3324 sessus
605 3265 714 3341 quaerit,
728 3276 757 3323 et
772 3265 877 3324 horridi

362 3345 488 3404 Dumetu
503 3346 628 3414 Silvani;
650 3356 783 3420 caretque

402 3425 480 3501 Ripa
493 3425 571 3501 vagis
585 3424 727 3482 taciturna
741 3423 841 3482 ventis.

322 3501 372 3560 Tu
386 3504 529 3562 civitatem
544 3505 606 3580 quis
620 3505 722 3562 deceat
736 3514 828 3561 status

322 3581 424 3652 Cures,
438 3594 468 3640 et
480 3583 550 3640 Urbi
561 3583 699 3640 sollicitus
709 3583 792 3641 times

360 3659 443 3720 Quid
458 3661 543 3718 Seres
557 3674 586 3719 et
599 3673 718 3737 regnata
731 3661 808 3736 Cyro

403 3737 507 3797 Bactra
520 3751 630 3814 parent,
645 3739 812 3813 Tanaisque
825 3737 943 3797 discors.

325 3815 456 3874 Prudens
470 3818 556 3874 futuri
570 3819 704 3894 temporis
717 3817 826 3875 exitum

325 3893 490 3973 Caliginosd
504 3905 588 3952 nocte
601 3897 705 3972 promit
718 3895 814 3967 Deus,
847 3944 848 3947 ,
