2704 4362
468 353 714 404 EPISTOLARUM
731 353 796 400 LIB.
815 354 850 400 ΙΙ.
869 357 891 400 1.

266 495 307 567 Si,
322 494 388 570 quia
401 495 564 552 Graecorum
579 506 646 552 sunt
659 495 854 568 antiquissima
868 513 987 570 quaeque

226 574 337 649 Scripta
351 573 393 630 vel
408 574 524 648 optima,
539 566 664 630 Romani
678 587 832 649 pensantur
846 574 947 630 eidem

226 653 382 726 Scriptores
395 652 511 723 trutina,
526 671 583 708 uon
598 664 641 708 est
654 650 729 725 quud
745 653 832 708 multa
847 652 1007 727 loquamur:

224 729 274 786 Nil
290 730 363 786 intra
377 742 419 787 est
432 731 535 801 oleam,
550 731 589 786 nil
604 741 682 788 extra
695 743 738 786 est
751 730 780 786 iu
796 749 880 801 nuce,
895 731 966 788 duri.

224 808 365 865 Venimus
378 809 415 884 ad
429 827 571 864 summum
586 809 721 865 fortunae:
742 809 885 884 pingimus
899 820 981 884 atque

214 887 376 954 ¹,Psallimus
390 898 418 942 et
431 887 571 942 luctamur
586 887 706 943 Achivis
720 885 832 944 doctilrs
846 888 948 945 unctis.

226 967 258 1022 Si
273 965 390 1022 meliora
404 965 474 1035 dice,
491 977 521 1022 ut
534 964 608 1036 vina,
622 969 753 1039 poemata
765 965 866 1036 reddit,

206 1050 214 1098 ss
227 1044 308 1100 Scire
323 1043 405 1099 velim
420 1043 543 1117 pretium
556 1043 661 1100 chartis
674 1055 776 1117 quotus
790 1055 900 1118 arroget
913 1062 1012 1102 annus

228 1123 353 1196 Scriptor
367 1122 472 1178 abhinc
486 1141 575 1178 anuos
589 1135 704 1178 centum
719 1122 766 1197 qui
780 1121 896 1188 decidit,
910 1122 983 1180 inter

226 1200 371 1258 Perfectus
386 1211 547 1274 veteresque
562 1202 658 1257 referri
674 1200 767 1272 debet,
783 1220 819 1256 an
834 1201 907 1256 inter

225 1280 304 1337 Viles
319 1291 401 1353 atque
415 1281 521 1336 uovosl
541 1279 674 1337 excludat
685 1279 779 1354 jurgia
792 1279 906 1335 finis.-

225 1357 277 1414 Est
290 1370 371 1416 vetus
385 1369 468 1433 atque
482 1359 595 1434 probus,
609 1371 723 1415 centum
739 1358 786 1432 qui
800 1357 910 1432 perficit
924 1377 1062 1416 anuos.-

152 1437 157 1516 j
224 1437 317 1508 Quid,
331 1437 378 1511 qui
392 1437 512 1512 deperiit
527 1437 617 1493 minor
630 1457 689 1494 uno
703 1455 810 1508 mense,
825 1436 867 1492 vel
883 1456 968 1510 auno,

225 1514 304 1572 Inter
318 1533 389 1590 quos
403 1515 568 1572 referendus
581 1517 655 1572 eritl
676 1528 823 1572 veteresne
836 1519 944 1589 poetas,

226 1595 275 1650 An
283 1613 359 1667 quos
372 1604 401 1649 et
413 1613 537 1668 praesens
551 1605 580 1650 et
593 1605 704 1668 postera
717 1603 830 1668 respuet
844 1595 971 1651 aetas'l—

226 1670 285 1728 Iste
298 1671 413 1745 quidem
428 1683 535 1727 veteres
549 1672 621 1728 inter
635 1683 754 1746 ponetur
769 1670 899 1739 honeste,

227 1747 289 1808 Qui
304 1748 346 1804 vel
362 1767 460 1804 mense
474 1749 551 1804 brevi
566 1749 607 1804 vel
622 1760 680 1804 toto
693 1760 735 1804 est
744 1749 839 1822 junior
854 1767 977 1804 anuo.-

138 1821 141 1826 ’
227 1825 298 1883 Utor
311 1826 457 1900 permisso,
472 1827 626 1900 caudaeque
641 1826 711 1900 pilos
725 1836 756 1881 ut
769 1825 880 1899 equinae

209 1903 373 1982 ‘Paulatim'
383 1905 463 1974 vello,
478 1915 507 1961 et
520 1905 603 1960 demo
618 1923 716 1975 unum,
731 1904 814 1960 demo
827 1903 913 1960 etiam
927 1922 1029 1972 uuum;

191 1983 193 1988 '
228 1981 305 2039 Dum
320 1984 413 2053 cadat,
427 1984 524 2040 elusus
537 1983 645 2040 ratione
659 1983 767 2039 ruentis
780 1982 884 2053 acervi,

226 2060 289 2121 Qui
304 2061 377 2118 redit
391 2061 426 2117 ad
441 2062 537 2132 fastos,
552 2061 724 2118 et'virtutem
740 2062 859 2118 aestimat
873 2061 964 2132 aunis,

226 2137 404 2213 Miraturque
418 2139 488 2195 nihil
503 2140 558 2196 nisi
572 2141 647 2212 quod
661 2139 787 2196 Libitina
801 2141 928 2196 sacravit.

265 2216 388 2287 Ennius,
402 2228 431 2273 et
444 2218 556 2292 sapiens
570 2228 599 2272 et
613 2218 700 2287 fortis,
715 2229 743 2273 et
756 2218 826 2274 alter
841 2218 994 2288 Homerus,

146 2347 153 2362 ‚
226 2294 265 2353 Ut
278 2296 370 2353 critici
385 2296 494 2366 dicunt,
509 2295 606 2352 leviter
621 2314 721 2352 curare
735 2295 845 2352 videtur

225 2372 295 2436 Quo
309 2375 447 2450 promissa
460 2375 564 2431 cadant
578 2385 606 2431 et
620 2374 730 2430 somnia
744 2375 928 2450 Pythagorea.

227 2452 344 2509 Naevius
355 2453 383 2508 in
399 2453 529 2510 manibus
543 2472 600 2512 non
614 2464 666 2523 est,
681 2463 709 2508 et
723 2453 864 2509 mentibus
879 2454 967 2510 haeret

227 2529 305 2588 Penei
320 2549 430 2602 recens,
446 2529 517 2588 adeb
532 2542 661 2588 sanctum
676 2542 720 2588 est
735 2543 812 2588 vetus
825 2550 909 2588 omne
923 2536 1033 2608 poema

227 2610 390 2685 Ambigitur
404 2610 513 2684 quoties
528 2621 588 2668 uter
604 2622 665 2668 utro
680 2609 716 2667 sit
728 2611 813 2685 prior,
830 2611 921 2669 aufert
1009 2649 1013 2658 κ

225 2686 367 2745 Pacuvius
381 2689 457 2746 docti
473 2690 575 2746 samam
590 2691 676 2760 secie,
691 2690 794 2745 Actius
808 2689 872 2756 alti;

226 2765 339 2823 Dicitur
354 2767 456 2823 Afrani
470 2780 535 2842 toga
549 2769 715 2824 convenisse
730 2766 906 2835 Menandr0;

226 2842 344 2900 Plautus
357 2846 392 2899 ad
407 2845 548 2918 exemplar
563 2846 653 2900 Siculi
666 2863 814 2918 properare
829 2843 1007 2918 Epicharmi3

227 2921 352 2978 Vincere
367 2921 501 2977 Caecilius
515 2923 661 2995 gravitate,
676 2920 830 2977 Terentius
844 2933 912 2978 arte.

228 2999 291 3056 Hos
304 2999 416 3069 ediscit,
431 3009 459 3055 et
474 2998 524 3055 hos
538 3010 615 3056 arcto
630 2998 731 3072 stipata
745 3000 854 3057 theatro

227 3079 345 3154 Spectat
358 3077 454 3136 Roma
467 3087 583 3152 potens;
606 3077 690 3133 habet
704 3077 754 3132 hos
768 3089 953 3151 numeratque
967 3080 1066 3152 poetas

227 3159 274 3215 Ad
289 3167 419 3215 nostrum
433 3168 545 3230 tempus
559 3154 622 3212 Livi
638 3154 781 3229 scriptoris
795 3157 831 3211 ab
845 3175 911 3212 aevo.

226 3237 376 3295 Interdum
392 3235 492 3311 vulgus
507 3246 616 3292 rectum
632 3233 723 3302 videt;
744 3244 788 3290 est
801 3234 849 3291 ubi
863 3244 971 3309 peccat.

227 3317 259 3373 Si
274 3327 382 3373 veteres
396 3316 435 3373 ita
450 3313 567 3372 miratur
581 3314 732 3387 laudatque
746 3317 855 3390 poetae,

226 3393 266 3451 Ut
279 3395 348 3452 nihil
361 3394 508 3466 anteferat,
523 3394 593 3450 nihil
609 3393 664 3450 illis
678 3405 831 3468 comparet,
845 3402 938 3448 errat:

229 3473 259 3528 Si
274 3473 403 3546 quaedam
417 3473 502 3530 nimis
516 3470 641 3548 antique,
656 3473 679 3528 si
695 3472 827 3547 pleraque
842 3467 913 3527 dure

227 3548 331 3608 Dicere
345 3552 422 3608 cedit
433 3572 492 3623 eos,
504 3551 606 3628 ignave
622 3551 710 3608 multa
724 3551 836 3621 fatetur,

227 3629 265 3686 Et
278 3630 360 3704 sapit,
374 3641 403 3686 et
416 3649 528 3687 mecum
544 3631 620 3702 lacit,
635 3641 664 3688 et
677 3629 748 3686 Jove
759 3629 869 3705 judicat
883 3646 970 3703 aequo.

226 3707 295 3765 Non
309 3708 440 3782 equidem
455 3709 587 3781 insector,
602 3709 758 3765 delendave
772 3709 900 3765 carmina
914 3704 977 3764 Livi

227 3786 299 3844 Esse
313 3805 385 3857 reor,
400 3786 594 3862 meminique
607 3787 753 3861 plagosum
769 3787 838 3844 mihi
852 3805 937 3862 parvo

225 3864 368 3922 Orbilium
383 3864 510 3934 dictare;
532 3866 582 3922 sed
596 3865 746 3922 emendata
759 3865 857 3938 videri,

1132 653 1171 710 30
