2706 4362
186 3839 204 3884 S

583 301 723 352 EPODON
740 261 853 352 Llnnni

378 443 494 504 Unxdre
508 456 613 504 matres
627 445 688 504 111ae
703 447 850 503 addictum
865 447 932 504 feris

376 524 502 582 Alitibns
516 536 599 599 atrine
613 526 733 582 canibus
748 527 919 582 homicidam
935 525 1101 601 Hectorem,

377 603 532 679 Postquam
546 603 653 661 relictis
668 605 810 660 maenibus
824 624 875 661 rex
895 605 1028 680 procidit,

376 678 460 740 Heu!
482 683 640 758 pervicacis
654 684 689 740 ad
703 683 791 758 pedes
806 683 942 743 Achillei.

314 771 326 810 ·'
378 763 479 819 Setosa
492 761 571 818 duris
586 760 692 819 exuere
706 762 828 836 pellibus

376 840 524 899 Laboriosi
538 842 661 917 remiges
675 841 798 914 ulyssei,

375 918 499 976 Veiente
512 919 607 991 Circe,
623 921 764 989 membra3
785 931 855 978 tunc
869 941 960 994 mens,
975 933 1004 980 et
1017 940 1104 981 sonus

377 998 531 1075 Relapsns‚
543 1010 626 1074 atque
642 1010 725 1057 notus
739 1001 768 1056 in
783 1000 875 1056 vultus
889 1003 986 1060 honor.
1085 1025 1087 1034 ·

379 1077 455 1136 Dedi
467 1075 536 1136 satis
550 1075 693 1154 superque
708 1097 856 1155 poenarnm
870 1079 931 1152 tibi,
949 1137 951 1141 ,

377 1158 483 1215 Amata
497 1157 591 1215 nautis
605 1153 727 1231 multirm
742 1169 771 1215 et
786 1158 968 1215 institoribus.

378 1235 466 1312 Fugit
477 1237 618 1312 juventas,
633 1248 662 1293 et
675 1237 855 1294 verecundus
869 1238 945 1295 color

376 1315 583 1392 Reliquit'ossa
596 1314 671 1390 pelle
685 1317 790 1373 amicta
803 1316 897 1374 lurida
908 1337 916 1386 ;

376 1395 450 1454 Tuis
464 1395 582 1470 capillus
597 1394 678 1452 albus
691 1407 734 1452 est
747 1394 889 1452 odoribus.
899 1403 929 1460 s,
1005 1454 1009 1470 Ι

376 1475 496 1534 Nullum
510 1493 527 1530 a
540 1473 636 1530 labore
651 1493 697 1530 me
711 1475 831 1532 reclinat
844 1471 949 1531 otiu‘m:

376 1554 467 1631 Urget
480 1554 557 1610 diem
571 1572 637 1623 nox,
651 1564 681 1611 et
694 1555 755 1610 dies
769 1559 897 1623 noctem3
919 1571 1011 1628 neque
1025 1562 1069 1610 est

377 1633 485 1691 Levare
499 1643 578 1689 tenta
592 1632 692 1706 spiritu
705 1633 868 1707 praecordia.

379 1712 458 1787 Ergo
472 1723 606 1786 negatum
621 1711 719 1774 vincor
734 1722 764 1766 ut
778 1711 893 1766 credam
907 1711 1003 1780 miser,

381 1789 495 1846 Sabella
507 1799 607 1863 pectus
621 1789 769 1862 increpare
783 1788 920 1859 carmina,

379 1868 529 1942 Caputque
544 1865 641 1922 Marsi
656 1866 777 1923 dissilire
791 1865 894 1922 naenifa.
977 1904 981 1910 -

379 1947 461 2008 Quid
476 1943 596 2021 ampliirs
611 1945 671 2001 visi
700 1944 728 2002 Ο
743 1964 820 2001 mare
831 1957 859 2001 et
869 1946 956 2001 terra!
978 1943 1074 2016 ardeo,

378 2022 531 2089 Quantum
547 2042 640 2098 neque
654 2035 715 2081 atro
729 2025 871 2081 delibutus
885 2022 1027 2080 Hercules

379 2103 466 2162 Nessi
478 2122 587 2175 cruore,
603 2121 657 2159 nec
672 2103 779 2160 Sicania
793 2102 899 2159 fervida

379 2182 472 2240 Urens
486 2183 515 2238 in
530 2182 621 2238 AEtnd
635 2181 757 2238 flamma.
789 2180 848 2253 Tu,
863 2180 1044 2262 donepjcinis

378 2260 527 2338 Injuriosis
541 2261 637 2317 aridus
651 2261 742 2318 ventis
757 2261 839 2332 ferar,
970 2251 975 2266 '

378 2339 464 2398 Cales
478 2340 595 2396 venenis
608 2339 723 2398 officina
737 2339 891 2404 Colchicis.

378 2419 456 2480 Quae
470 2418 555 2475 finisl
576 2428 626 2474 aut
638 2419 713 2492 quod
728 2437 773 2474 me
789 2428 885 2474 manet
899 2417 1095 2494 stipendiumi

380 2497 492 2553 Effare:
511 2497 605 2572 jussas
619 2514 686 2552 cum
699 2497 756 2552 fide
770 2515 868 2571 poenas
882 2497 968 2568 luam,

299 2605 301 2610 v
378 2576 497 2634 Paratus
511 2576 634 2651 expiare,
649 2595 700 2632 seu
711 2576 873 2650 poposceris

378 2655 503 2712 Centum
514 2655 661 2730 juvencos
676 2655 734 2711 sive
749 2655 881 2712 mendaci
891 2655 954 2730 lyris

378 2735 465 2792 Voles
479 2735 590 2802 sonari;
611 2745 642 2790 tu
655 2733 770 2809 pudica,
784 2745 815 2789 tu
828 2734 925 2808 proba,

378 2812 592 2869 Perambulabis
606 2823 680 2867 astra
694 2813 773 2867 sidus
787 2829 914 2868 aureum.

347 2947 349 2952 ,
379 2889 499 2946 Infamis
513 2889 635 2944 Helenae
649 2889 751 2944 Castor
765 2888 890 2945 offensus
901 2890 972 2962 vice,

380 2966 538 3041 Fraterque
552 2967 649 3040 magni
663 2966 799 3038 Castoris
814 2967 880 3024 victi
893 2987 988 3042 prece,

380 3045 525 3120 Adempta
539 3045 595 3100 vati
609 3043 759 3101 reddidere
774 3046 890 3102 lumina.

380 3123 419 3182 Et
432 3135 472 3196 tu,
487 3135 568 3200 potes
579 3143 656 3194 nam,
671 3123 746 3180 solve
761 3142 807 3180 me
822 3124 976 3196 dementia,

380 3203 409 3262 Ο
424 3222 479 3276 nec
490 3201 615 3279 paternis
629 3201 755 3259 obsoleta
768 3202 908 3274 sordibus,

379 3283 445 3342 Nec
460 3283 490 3340 in
505 3281 642 3358 sepulcris
656 3300 812 3358 pauperum
826 3282 951 3357 prudens
965 3299 1036 3339 anus

380 3361 573 3438 Novendiales
588 3363 726 3438 dissipare
739 3361 878 3437 pulveres.

378 3443 448 3504 Tibi
463 3443 599 3520 hospitale
613 3454 714 3520 pectus
727 3454 756 3498 et
769 3461 846 3518 purae
861 3457 972 3498 manus.

658 3592 780 3625 CANIDIA.
815 3565 816 3568 Ἴ

377 3682 459 3744 Quid
472 3682 609 3739 obseratis
623 3680 738 3738 auribus
752 3678 847 3736 fundis
859 3681 979 3754 precesl

380 3759 450 3819 Non
463 3781 531 3818 saxa
544 3761 629 3817 nudis
643 3757 771 3815 surdiora
785 3757 887 3815 navitis
964 3785 966 3795 ‚

380 3839 534 3915 Neptunus
547 3839 604 3897 alto
618 3838 712 3896 tundit
726 3838 862 3896 hibernus
876 3839 943 3897 salo.
