2706 4362
473 321 721 372 EPISTOLARUM
738 321 804 370 LIB.
823 323 843 370 1.
860 323 899 370 2⁰.

229 467 308 526 Hinc
322 467 377 525 illae
391 466 531 542 lacrymae.
575 466 680 542 Spissis
694 467 813 542 indigna
825 464 943 522 theatris

229 547 342 622 Scripta
355 546 442 622 pudet
455 546 584 618 recitare,
599 557 628 603 et
641 545 726 622 nugis
739 546 845 602 addere
860 544 982 618 pondus,

229 627 262 684 Si
276 625 334 684 dixi
347 645 353 683 :
368 630 386 656 “
397 624 518 696 Rides,”
533 625 582 695 ait,
596 629 614 654 ‘⁶
627 636 656 682 et
669 624 748 682 Jovis
763 624 880 680 auribus
896 623 951 679 ista

228 706 346 764 Servus:
369 703 433 761 fidis
446 704 524 760 enim
539 721 654 777 manare
668 702 783 778 poetica
796 700 881 758 mella

228 783 274 842 Te
288 785 391 854 solum,
405 783 457 840 tibi
470 782 617 857 pulcher.''
660 781 707 838 Ad
723 783 785 838 haec
798 800 853 856 ego
867 779 984 836 naribus
999 778 1040 836 uti

228 862 380 920 Formido:
402 872 440 930 et,
454 861 588 917 luctantis
603 871 687 932 acuto
699 879 736 917 ne
751 879 831 916 secer
846 859 947 934 ungui,

229 940 399 1016 “Displicet
412 940 465 997 iste
477 939 585 1010 loeus‚”
601 939 705 1010 clamo,
718 951 747 996 et
758 939 976 1013 diludiaposco.

228 1019 329 1090 Ludus
343 1018 420 1076 enim
434 1019 535 1095 genuit
548 1019 690 1094 trepidum
705 1030 849 1075 certamen
863 1027 892 1073 et
905 1016 986 1088 iram,

230 1098 277 1157 Ira
290 1111 386 1157 truces
398 1096 565 1156 inimicitias
579 1108 608 1154 et
622 1097 741 1156 funebre
756 1096 870 1153 bellum.

540 1285 599 1298 2——

540 1411 745 1492 mrsrom
766 1410 836 1470 xx.

542 1551 582 1588 AD
602 1551 719 1590 LIBRUM
739 1550 828 1588 SUUM·

230 1653 434 1712 Vsnrurrnmr
447 1650 620 1724 lanamque,
634 1651 717 1722 liber,
732 1660 860 1723 spectare
875 1649 994 1720 videris;

231 1732 353 1790 Scilicet
367 1741 399 1786 ut
412 1739 521 1804 prostes
534 1729 681 1786 Sosiorum
695 1728 811 1802 pumice
825 1729 957 1784 mundus.

231 1809 329 1868 Odisti
343 1809 437 1864 claves
450 1818 479 1864 et
492 1817 575 1882 grata
587 1805 679 1880 sigilla
692 1805 815 1880 pudico:
894 1859 897 1864 ,

232 1887 338 1948 Paucis
351 1885 463 1944 ostendi
477 1885 578 1961 gemis,
593 1883 622 1942 et
636 1884 801 1943 communia
814 1883 922 1956 laudas,

232 1967 302 2026 Nou
318 1967 357 2023 ita
370 1965 502 2023 nutritus.
524 1999 527 2012 «
544 1963 627 2040 Fuge
640 1961 696 2038 qud
712 1963 888 2020 descendere
902 1961 1005 2038 gestis:

232 2046 300 2105 Non
316 2046 370 2103 erit
384 2044 488 2102 emisso
501 2044 610 2100 reditus
624 2043 683 2100 tibi.
727 2042 835 2102 “Quid
851 2043 935 2100 miser
949 2041 1016 2119 egil

230 2125 314 2188 Quid
328 2124 403 2182 volui
415 2124 445 2180 l’'
460 2123 549 2196 dices,
564 2123 613 2180 ubi
627 2123 695 2196 quid
709 2133 737 2179 te
752 2121 855 2178 laeserit
870 2141 877 2191 ;
914 2132 944 2179 et
957 2119 1013 2180 scis

231 2204 267 2263 In
282 2206 366 2262 breve
380 2213 409 2260 te
423 2202 497 2278 cogi,
511 2203 613 2278 plenus
627 2221 714 2276 quum
728 2201 845 2276 languet
860 2211 974 2258 amator.

228 2282 321 2347 Quod
336 2283 431 2340 sinon
445 2281 511 2338 odio
526 2281 673 2356 peccantis
687 2280 789 2356 desipit
804 2298 904 2355 augur,

231 2364 324 2422 Carus
338 2361 394 2420 eris
408 2361 520 2432 Romae,
536 2361 628 2418 donec
641 2373 669 2416 te
684 2360 796 2416 deserat
811 2371 886 2416 aetas.

232 2442 433 2500 Contrectatus
446 2439 495 2495 ubi
510 2440 641 2499 manibus
655 2440 819 2496 sordescere
834 2438 910 2514 vulgi

233 2521 371 2597 Coeperis,
386 2531 435 2578 sut
448 2520 539 2576 tineas
552 2538 653 2594 pasces
666 2518 825 2576 taciturnus
840 2517 955 2590 inertes,

233 2602 295 2657 Aut
309 2599 402 2675 fugies
418 2599 544 2670 Uticam,
560 2609 608 2655 aut
622 2598 734 2655 vinctus
748 2597 867 2654 mitteris
882 2597 1014 2656 Ilerdam.

232 2678 352 2736 Ridebit
365 2678 486 2736 monitor
501 2697 558 2736 non
573 2679 741 2746 exauditus;
764 2689 795 2734 ut
808 2677 854 2734 ille

231 2757 294 2819 Qui
309 2756 383 2814 male
397 2769 543 2832 parentem
560 2759 589 2813 in
603 2777 687 2832 rupes
702 2757 836 2830 protrusit
850 2755 968 2812 asellum
1148 2757 1185 2812 15

234 2836 344 2894 Iratus:
365 2837 428 2910 quis
442 2835 519 2892 enim
534 2835 652 2891 invitum
668 2853 780 2890 servare
795 2835 922 2890 laboretl

234 2914 301 2971 Hoc
314 2932 424 2988 quoque
438 2925 465 2968 te
480 2924 586 2982 manet,
602 2924 633 2967 ut
645 2931 748 2986 pueros
761 2911 903 2970 elementa
916 2911 1067 2969 docentem

234 2993 368 3067 Occupet
381 2991 515 3048 extremis
528 2990 557 3046 in
574 2990 642 3046 vicis
657 2991 739 3046 balba
753 3001 895 3047 senectus.

233 3074 335 3136 Quum
350 3070 400 3128 tibi
415 3069 457 3126 sol
471 3068 583 3144 tepidus
597 3068 692 3143 plures
707 3069 861 3125 admoverit
875 3086 967 3139 aures,

235 3152 285 3210 Me
299 3149 432 3209 libertino
446 3159 544 3204 natum
559 3158 647 3224 patre,
662 3158 691 3203 et
705 3147 734 3204 in
750 3147 829 3202 tenui
843 3166 874 3202 re
1147 3146 1187 3203 20

234 3231 358 3308 Majores
372 3248 481 3306 pennas
496 3227 564 3284 nido
578 3226 749 3297 extendisse,
764 3225 904 3299 loqueris;

234 3312 283 3383 Ut,
297 3321 434 3387 quantum
448 3306 547 3385 generi
562 3307 669 3378 demas,
685 3305 834 3363 virtutibus
848 3303 952 3362 addas:

235 3390 285 3448 Me
300 3389 398 3466 primis
412 3387 498 3446 Urbis
514 3386 579 3444 belli
594 3386 735 3463 placuisse
750 3385 894 3459 domique,

235 3469 368 3544 Corporis
381 3468 487 3544 exigui,
503 3486 676 3542 precanum,
691 3465 797 3523 solibus
811 3474 918 3540 aptum,

236 3547 325 3604 Irasci
339 3547 472 3618 celerem,
487 3559 582 3604 tamen
597 3557 628 3602 ut
641 3545 789 3620 placabilis
803 3561 905 3600 essem.

237 3622 323 3682 Forte
338 3644 433 3682 meum
449 3626 472 3682 si
486 3626 550 3701 quis
564 3638 591 3682 te
606 3623 818 3700 percontabitur
833 3641 935 3694 aevum,

237 3703 288 3762 llle
302 3715 399 3778 quater
414 3705 543 3762 undenos
557 3705 629 3760 sciat
643 3701 801 3777 implevisse
816 3700 1001 3776 Decembres,

238 3782 385 3860 collegam
400 3781 540 3858 Lepidum
554 3803 610 3858 quo
621 3781 704 3840 duxit
718 3779 826 3854 Lollius
840 3800 924 3842 auno.
