2706 4362
162 301 219 365 ιω
486 295 517 356 o.
535 291 822 347 uomrnmrom

198 444 342 516 Pomisne‚
355 461 393 500 uu
406 443 503 520 pratis,
516 461 553 499 on
568 438 672 498 emim
685 437 788 496 vitibus
800 436 894 506 uimo;

102 589 105 596 ,
200 525 345 582 Soribetur
358 523 410 580 tibi
426 523 514 578 forms
524 519 677 596 loquaciter
690 529 718 575 et
732 517 803 574 situs
816 515 885 592 egri.

239 601 376 661 Continui
390 610 509 671 montes,
524 599 579 656 nisi
594 595 782 654 dissocientur
795 594 885 670 opace

201 677 302 749 Valle3
324 680 374 736 sed
389 690 421 735 ut
433 679 551 735 veniens
564 679 697 734 dextrum
712 675 785 732 letus
799 671 918 748 espiniat
931 671 984 744 sol,

202 758 318 816 Loevum
332 759 475 814 decedens
489 775 575 814 ourru
590 754 716 830 fugiente
731 762 852 828 vaporet.

202 836 384 912 Temperiem
399 836 506 893 laudes.
547 835 640 905 Quid,
654 834 677 888 si
693 831 853 889 rubicunde
866 825 992 904 benignis
1071 863 1072 866 =

202 915 298 972 Coma
312 933 409 989 vepres
422 925 451 971 et
465 931 556 988 pruna
569 913 686 969 serunt?
708 911 732 966 si
745 909 867 984 quereus
880 919 910 964 et
923 907 980 964 ilex

202 989 295 1049 Multi
306 994 385 1068 fruge
398 1009 496 1068 pecus,
510 991 599 1048 multi
613 989 760 1047 dominum
771 987 850 1062 juvar
863 986 987 1046 umbrrii

201 1069 290 1126 Dicas
304 1071 457 1127 adductum
469 1067 586 1146 propibs
601 1069 730 1126 frondere
744 1065 912 1122 Tarentum.

137 1177 139 1182 ·
201 1148 280 1205 Fons
293 1150 388 1219 etiam,
403 1150 462 1207 rivo
475 1150 541 1206 dare
556 1164 660 1204 nomeu
676 1147 805 1216 idoneus,
819 1155 851 1201 ut
864 1161 920 1200 neo

134 1231 142 1294 ζ
202 1226 344 1302 Frigidior
357 1225 502 1284 Thracum
518 1246 573 1283 nec
586 1226 681 1301 purior
695 1223 802 1282 ambiat
815 1222 941 1294 Hebrus,

202 1303 319 1363 infirmo
333 1305 418 1380 ospiti
433 1304 495 1361 fluit
511 1305 596 1375 utilis,
611 1303 688 1360 utilis
701 1303 774 1359 alvo.

203 1382 257 1439 Hae
271 1383 385 1441 latebrae
400 1384 508 1455 duloes,
523 1393 551 1439 et
562 1383 631 1458 jem,
646 1383 670 1439 si
686 1381 789 1453 eredis,
803 1397 932 1450 umoennr,

202 1459 378 1519 Incolumem
398 1463 450 1520 tibi
464 1481 510 1518 me
524 1471 659 1537 praestsnt
673 1459 880 1536 septembribus
893 1458 977 1517 horis.

241 1540 289 1596 Tu
304 1539 381 1598 recte
396 1541 474 1614 vivis,
488 1541 512 1597 si
527 1559 611 1597 ouras
624 1559 687 1596 esse
700 1540 776 1613 quod
791 1537 889 1595 audis:
979 1593 982 1599 Δ

201 1618 349 1676 deotemus
360 1621 529 1695 jampridem
542 1619 635 1676 omnis
649 1630 677 1675 te
691 1617 787 1674 Rome
801 1617 924 1675 beatum.

202 1698 261 1754 Sed
275 1717 372 1755 vereor
386 1717 423 1756 ne
438 1699 485 1754 eui
499 1699 535 1754 de
549 1708 578 1755 te
591 1695 656 1773 plius
669 1694 754 1772 qudm
768 1696 820 1752 tibi
833 1695 950 1764 oredss3

202 1772 282 1834 Neve
296 1789 377 1853 putes
392 1777 479 1834 alium
494 1776 622 1852 sapiente
637 1777 765 1850 bonoque
780 1775 911 1843 beetum;

202 1854 278 1927 Neu,
293 1858 316 1912 si
327 1868 354 1914 te
368 1857 488 1933 populus
502 1873 603 1912 sanum
617 1852 751 1929 recteque
764 1854 906 1910 valentem
935 1849 945 1906 ⁵„

202 1933 331 2006 Dictitet,
345 1937 487 1992 occultam
502 1935 609 1990 febrem
622 1933 677 1989 sub
690 1944 801 2008 tempus
813 1931 920 1988 edendi

201 2009 379 2086 Dissimules‚
393 2015 485 2071 donec
499 2012 630 2069 manibus
643 2021 746 2069 tremor
759 2010 867 2068 incidet
879 2009 980 2068 unctis.

202 2090 356 2148 Stultorum
372 2093 500 2148 incurata
513 2092 603 2166 pudor
617 2090 709 2146 melus
723 2089 821 2146 ulnera
835 2088 917 2146 celat.

203 2167 234 2223 Si
249 2169 312 2242 quis
326 2169 399 2225 belia
413 2170 463 2224 tibi
477 2169 553 2224 terri
566 2178 692 2243 pugnata
705 2168 832 2242 marique

202 2243 297 2316 Dicat,
311 2257 339 2302 et
353 2247 397 2301 his
411 2246 503 2302 verbis
514 2263 617 2301 vsouas
632 2246 806 2320 permulcent
819 2264 913 2318 aures,

203 2327 220 2352 “
229 2322 312 2380 Tene
327 2320 418 2399 magis
432 2323 539 2380 salvum
553 2324 673 2400 populus
687 2324 761 2396 velit,
777 2344 814 2382 uu
827 2325 962 2401 populum
975 2333 1016 2396 tu,

202 2401 301 2459 Servet
315 2401 345 2458 in
359 2403 500 2478 ambiguo,
515 2403 563 2478 qui
577 2403 699 2460 consulit
712 2414 742 2460 et
753 2403 806 2460 tibi
819 2414 848 2461 et
861 2402 934 2475 urbi,

202 2479 313 2555 Jupiter
322 2481 348 2548 ;''
364 2482 488 2556 Augusti
503 2481 602 2538 laudes
616 2501 772 2557 agnossere
785 2483 884 2558 possis.

201 2557 302 2618 Quum
315 2560 419 2633 peteris
433 2561 545 2634 sapiens
558 2562 782 2635 emendatusque
796 2560 899 2630 vooari,

202 2635 409 2711 Respondesne
423 2649 481 2709 tuo,
496 2639 543 2694 dio
557 2639 649 2710 sodes,
663 2640 778 2696 nomine
788 2638 954 2713 i-Nempe

202 2715 253 2772 Vir
270 2716 358 2772 bonus
371 2728 399 2773 et
412 2719 538 2792 prudens
551 2715 608 2774 diei
622 2715 869 2792 delector-Ego,
884 2735 918 2773 uo
932 2725 972 2774 tu.

200 2793 263 2854 Qui
276 2794 355 2851 dedit
369 2796 424 2852 hoo
438 2796 532 2866 hodie,
546 2815 619 2866 cres,
634 2796 658 2852 si
671 2796 754 2868 volet,
769 2795 895 2864 suseret;
917 2806 959 2867 ut,
973 2795 998 2853 si

202 2871 343 2930 Detulerit
357 2874 447 2932 sasoes
461 2874 588 2949 indigno,
603 2875 732 2932 detrahet
745 2875 829 2932 idem.

203 2955 220 2981 “
230 2952 318 3023 Pone,
333 2969 428 3008 meum
442 2955 512 3024 est‚'’
528 2953 626 3027 inquit.
668 2953 758 3025 Pono‚
772 2953 915 3030 tristisque
928 2953 1039 3012 recedo.
1106 2953 1146 3012 35

202 3028 284 3087 Idem
298 3030 322 3086 si
336 3031 439 3088 elamet
453 3032 553 3102 furem,
568 3042 654 3106 neget
666 3051 729 3090 esse
743 3033 891 3108 pudicum,

201 3108 363 3167 Contendat
376 3111 476 3186 laqueo
489 3111 594 3168 collum
607 3111 742 3185 pressisse
755 3121 923 3186 paternum3

202 3185 334 3244 Mordear
348 3188 506 3264 opprobriis
518 3189 603 3260 irrisis,
618 3201 758 3246 mutemve
773 3190 917 3248 coloremi

201 3263 302 3334 Falsus
316 3268 404 3326 honor
414 3268 494 3344 juvat
507 3277 536 3323 et
548 3268 672 3324 mendax
685 3269 801 3325 infamia
815 3279 901 3327 terret

200 3343 307 3416 Quem,
328 3347 383 3404 nisi
411 3347 578 3404 mendosum
599 3355 627 3401 et
654 3345 879 3404 medicandum?
919 3345 972 3405 Vir
991 3346 1083 3406 bonus
1102 3356 1146 3404 est

259 3422 324 3480 uisi
1106 3425 1146 3482 40

200 3441 261 3555 Qbi
276 3499 403 3555 consulta
416 3512 536 3574 patrum,
547 3501 594 3578 qui
608 3501 686 3578 leges
697 3503 817 3579 juraque
831 3514 941 3574 servat;

200 3571 269 3632 Quo
282 3577 376 3632 muitae
390 3596 555 3654 magnaeque
569 3594 701 3639 secantur
712 3582 809 3658 judice
822 3583 886 3639 lites
894 3603 902 3652 ;

155 3655 156 3660 ’
200 3649 269 3708 Quo
283 3671 327 3706 res
340 3673 474 3726 sponsore
488 3669 517 3713 et
530 3678 584 3731 quo
598 3679 693 3716 oausae
707 3671 778 3717 teste
791 3671 933 3718 tenentur.

201 3724 259 3778 Sed
273 3727 347 3782 videt
361 3731 439 3794 huno
453 3735 545 3789 omnis
558 3737 659 3793 domus
673 3749 702 3794 et
715 3738 819 3794 vicinia
831 3748 890 3796 tote

200 3799 354 3856 Introrsum
368 3815 487 3878 turpem,
503 3812 661 3884 speciosum
675 3815 748 3890 pelle
762 3815 874 3874 denori.
