2756 4366
540 309 740 360 CARMINUM
757 309 824 360 LIB·
841 310 863 359 1.

610 532 695 592 ODE
708 533 795 593 VIII.

560 668 601 726 AI)
614 669 843 712 murmurium

367 770 465 829 ans
479 779 511 828 ιιι
520 763 585 856 alid
597 747 652 827 siet
665 749 730 831 itae
735 747 927 857 candidum,
973 801 976 809 r
1028 824 1031 834 ,
1053 819 1056 828 ,

369 832 502 961 Sotadi,
510 851 567 906 nec
568 833 635 927 Jani
648 834 830 941 ιυιιιμςιιῑιι
819 858 892 908 οιιιιι

409 909 667 1024 Silvaellaborantes
691 928 813 1020 geluffiue

447 995 585 1065 Flumina
595 974 773 1066 consliteritit
787 1018 880 1066 acuto.
947 1029 1012 1064 rw

369 1083 500 1143 Dissolve
514 1084 611 1159 frigus,
623 1085 702 1160 ligna
715 1103 798 1162 super
812 1086 877 1144 loco

368 1159 463 1240 Largi
478 1181 634 1239 reponens,
655 1174 739 1240 atque
754 1161 906 1239 benignius

406 1242 548 1318 Deprome
561 1241 741 1316 quadrimum
756 1243 874 1315 Sabini,

444 1320 474 1377 Ο
488 1319 671 1394 Thaliarche,
686 1340 795 1378 merum
809 1288 895 1379 diotil.

367 1400 503 1462 Permitte
516 1400 588 1458 divis
602 1410 722 1459 caetera:
741 1401 790 1476 qui
804 1399 888 1458 simul

368 1477 501 1540 Stravdre
514 1489 614 1537 ventos
628 1499 739 1555 aequore
754 1480 861 1538 fervido

289 1558 295 1563 ’
406 1557 625 1636 Deproeliautes,
638 1578 693 1616 nec
706 1559 844 1636 cupressi,
901 1617 904 1622 ,

446 1636 511 1697 Nec
525 1649 634 1696 veteres
647 1639 790 1716 agitantur
804 1638 875 1696 orni.

368 1718 450 1778 Quid
464 1718 501 1775 sit
514 1717 640 1774 futurum
654 1737 727 1791 cras,
742 1719 808 1793 suge
822 1735 964 1792 quaerere3
985 1727 1015 1774 et

368 1794 468 1856 Quem
481 1814 541 1850 sors
554 1797 665 1850 dierum
679 1815 792 1868 cunque
806 1797 894 1866 debit,
908 1795 988 1852 lucro

408 1872 549 1950 Appone:
570 1889 625 1928 uec
639 1872 738 1928 dulces
752 1872 904 1929 Camoenas

449 1951 559 2026 Sperne
572 1969 653 2026 puer,
667 1969 759 2026 neque
773 1960 803 2007 tu
818 1952 952 2022 choream

365 2031 467 2089 Donec
478 2029 578 2086 virenti
593 2029 711 2086 canities
725 2031 805 2086 abest

367 2109 491 2168 Morosa.
533 2106 563 2164 N
566 2127 623 2164 unc
636 2119 665 2164 et
678 2127 805 2184 campus,
820 2120 851 2166 et
862 2129 946 2182 areae,

406 2188 557 2262 Lenesque
570 2185 624 2243 sub
637 2190 750 2244 noctem
764 2189 881 2261 susurri,

447 2265 611 2342 Compositis
625 2276 787 2344 repetantur
801 2267 877 2326 hori.

588 2583 594 2591 '
623 2580 707 2639 ODE
721 2582 776 2642 IX.

575 2719 616 2757 An
630 2721 820 2762 mancunium.

361 2807 522 2891 ’Μιιιὸιιιιζ
537 2811 692 2900 facunde
674 2807 763 2896 nepos
776 2820 911 2898 Atlantis,
961 2865 965 2873 ι

366 2900 429 2960 Qui
444 2896 517 2956 feros
530 2885 624 2955 cultus
638 2899 805 2956 hominum
798 2867 946 2959 recentum

262 2955 269 2988 ”
366 2977 446 3036 Voce
460 2976 587 3035 formasti
601 2988 690 3060 catus,
705 2990 735 3037 et
748 2980 858 3039 decorae

523 3055 606 3116 More
619 3026 773 3147 ριιιιιιιῗε;

367 3135 414 3192 Te
428 3153 529 3191 canam
533 3137 651 3210 ,magni
666 3135 746 3193 Iovis
759 3148 788 3194 et
801 3139 919 3194 deorum

365 3213 521 3285 Nuntium,
535 3231 684 3286 curvaeque
697 3212 764 3286 lyrae
777 3224 940 3288 parentem3

367 3292 522 3365 Callidum,
537 3291 673 3367 quidquid
688 3291 804 3367 placuit,
815 3290 915 3366 jocoso

524 3370 657 3429 Condere
672 3371 753 3430 surto.

367 3451 424 3525 Te,
438 3452 524 3510 boves
537 3451 604 3510 olim
618 3451 673 3508 nisi
686 3452 859 3509 reddidisses

367 3529 423 3589 Per
436 3531 533 3590 dolum
547 3542 664 3603 amotas,
678 3550 798 3606 puerum
813 3529 918 3588 minaci

366 3610 447 3668 Voce
460 3610 529 3667 dum
542 3620 637 3682 terret,
652 3611 753 3666 viduus
766 3610 898 3684 pharetra

524 3689 602 3747 Risit
615 3688 727 3765 Apollo.

366 3767 449 3829 Quin
469 3779 498 3826 et
512 3768 638 3838 Atridas,
653 3768 726 3824 duce
740 3777 768 3826 te
770 3769 937 3847 „superbos

367 3845 423 3905 Ilio
435 3847 514 3904 diues
527 3813 657 3906 Priamais
670 3845 778 3921 relicto,
