2706 4362
187 305 244 364 116
511 302 542 358 Q·
560 301 706 350 Hortum
723 300 847 352 FLACCI

225 445 288 508 Qui
301 464 347 502 me
361 442 521 518 oommdrit,
544 448 562 476 “
571 442 679 503 Melius
692 464 751 503 non
764 455 882 522 tangere
891 445 918 502 l”
940 443 1043 522 olamo,
1136 449 1178 508 45

226 523 330 596 Flebit,
343 535 373 582 et
385 523 504 600 insignis
517 524 576 581 tota
590 524 749 582 cantabitur
760 523 838 580 urbe.

228 603 344 660 Servius
356 604 444 660 iratus
457 603 536 678 leges
549 602 695 660 minitatur
709 613 738 659 et
751 620 869 658 urnam:

227 680 349 740 Canidia
362 679 473 753 Albuti,
487 680 588 756 quibus
602 693 645 738 est
659 680 784 752 inimica,
798 697 956 738 venenum:

226 759 343 817 Grande
357 759 463 817 malum
477 757 596 834 Turius,
611 759 635 816 si
647 759 711 834 quis
724 778 755 816 se
766 757 864 834 judice
879 769 976 819 oertet.

227 838 276 911 Ut,
289 859 345 914 quo
357 839 478 914 quisque
489 839 572 911 valet,
587 848 859 914 suspectosterreat,
873 848 960 913 utque
1136 843 1178 900 5⁰

228 916 353 993 Imperet
366 919 421 976 hoo
435 928 536 974 natura
548 929 659 993 potens,
674 917 716 974 sio
729 916 831 992 collige
845 935 976 975 mecum:

190 1035 203 1042 -
228 995 323 1054 Dente
336 997 430 1072 lupus,
445 1015 534 1052 oornu
547 1006 646 1052 taurus
658 995 747 1071 petit;
768 995 856 1067 unde,
871 995 926 1052 nisi
940 995 1017 1055 intus

228 1073 439 1132 Monstratuml
474 1075 580 1131 Serenae
594 1074 720 1131 vivacem
734 1073 818 1131 erede
832 1073 929 1150 nepoti

228 1151 370 1211 Matrem:
391 1154 431 1211 nil
447 1153 532 1210 saciet
545 1153 660 1210 sceleris
673 1153 720 1228 pin
734 1151 865 1210 dextera:
885 1151 1006 1212 miruml

227 1231 267 1290 Ut
280 1251 373 1307 neque
387 1233 467 1290 oalee
481 1232 564 1307 lupus
577 1249 747 1306 quenquam,
762 1250 854 1306 neque
869 1232 955 1290 dente
968 1234 1040 1309 petit
1052 1233 1120 1292 bos:
1136 1235 1177 1292 55

229 1310 287 1368 Sed
301 1311 377 1367 mala
390 1311 469 1370 tollet
478 1329 568 1380 anum
582 1309 678 1367 vitiato
692 1309 774 1367 melle
786 1310 888 1368 eiouta.

227 1388 274 1446 Ne
288 1390 404 1465 longum
419 1389 537 1458 faeiam3
559 1408 609 1446 seu
624 1407 669 1446 me
683 1389 833 1464 tranquilla
847 1400 989 1448 senectus.

227 1467 456 1545 Exspectat,'seu
468 1487 542 1525 mors
556 1467 623 1524 atris
636 1468 821 1525 circumvolat
834 1468 904 1538 ulis;

227 1545 325 1619 Dives,
339 1547 421 1624 inops
429 1567 436 1617 ;
458 1546 571 1619 Rome,
585 1565 636 1604 seu
650 1547 706 1604 sors
720 1547 759 1603 ita
769 1547 894 1624 jusserit,
908 1547 1003 1618 exsul;

226 1624 366 1702 Quisquis
379 1627 433 1685 erit
446 1626 521 1697 vite,
535 1625 668 1697 scribam
682 1625 767 1683 solor.

600 1773 761 1806 natamus.

779 1860 807 1917 Ο
820 1878 900 1937 puer,
915 1871 946 1919 ut
959 1862 998 1920 sis
1136 1863 1178 1922 60

226 1937 329 1997 Vitalis
339 1948 445 2012 metuo,
459 1949 488 1997 et
501 1939 640 2016 majorum
654 1941 768 2015 nequis
782 1939 891 1997 amicus
1258 1969 1260 1974 .
1327 1959 1332 1968 ’

227 2017 345 2095 Frigore
358 2029 388 2077 te
401 2018 490 2078 feriat.

606 2147 751 2182 nonnus.

585 2234 689 2300 Quidl
708 2253 795 2309 quum
809 2245 853 2292 est
866 2234 996 2294 Lucilius
1008 2255 1095 2296 ausus

226 2313 338 2372 Primus
351 2313 381 2370 in
395 2313 474 2372 huno
487 2312 579 2389 operis
592 2332 763 2389 componere
776 2314 905 2372 earmina
917 2334 1034 2390 morem,

226 2391 383 2450 Detrahere
396 2403 426 2450 et
437 2391 550 2469 pellem,
563 2392 671 2450 nitidus
683 2391 740 2467 qud
753 2392 871 2468 quisque
885 2413 935 2470 per
947 2413 998 2454 ora

226 2471 358 2543 Celeret,
373 2472 524 2530 introrsum
537 2471 645 2548 turpis3
666 2489 736 2530 num
750 2470 865 2545 Laelius,
878 2473 969 2549 etqui
1054 2479 1059 2495 ⁴
1134 2474 1176 2532 65

226 2549 315 2606 Duxit
329 2549 365 2605 ab
378 2549 512 2626 oppressi
525 2550 658 2607 meritum
674 2549 847 2626 Carthagine
861 2569 976 2624 nomen,
990 2563 1011 2582 ⁸

225 2625 348 2702 Ingenio
360 2627 471 2698 offensi,
486 2636 534 2684 aut
547 2627 615 2685 laeso
627 2625 745 2686 doluere
759 2625 886 2700 Metello,

225 2704 409 2781 Famosisque
423 2705 505 2781 Lupo
518 2716 650 2781 oooperto
663 2707 809 2764 versibusl
843 2707 932 2782 Atqui

225 2783 366 2842 Primores
378 2783 475 2862 populi
490 2784 607 2860 arripuit
619 2785 809 2862 populumque
822 2784 960 2858 tributim,

225 2861 343 2920 Seilioet
356 2863 406 2921 uni
420 2881 518 2938 oequus
531 2864 625 2921 virtuti
639 2875 723 2938 atque
737 2863 799 2939 ojus
813 2864 920 2922 amicis.
1134 2866 1173 2922 70

223 2939 316 3012 Quin,
329 2941 376 2998 ubi
390 2960 420 2997 se
435 2960 451 2998 a
465 2941 548 3017 vulgo
561 2953 591 3000 et
604 2942 692 3000 ssent
705 2943 735 3000 in
749 2953 860 3000 secretu
872 2940 1015 3002 remdrunt

224 3020 323 3077 Virtus
337 3019 478 3096 Soipiadae
492 3030 522 3077 et
534 3019 610 3078 mitis
624 3021 762 3096 sapientia
775 3020 858 3093 Laeli,

134 3165 137 3180 Ι
224 3097 337 3174 Nugari
350 3116 416 3156 oum
431 3097 488 3170 illo,
502 3109 532 3156 et
545 3098 678 3156 disoinoti
692 3099 800 3172 ludere,
814 3100 907 3158 donea

223 3176 436 3253 Decoqueretur
449 3177 522 3250 olus,
536 3177 619 3236 soliti.
651 3178 802 3254 Quidquid
816 3197 880 3236 sum
890 3197 954 3255 ego,
965 3178 1093 3255 quamvis
1140 3177 1142 3187 '

223 3254 304 3312 Infra
316 3254 411 3313 Luoili
422 3259 544 3314 ‘censum
556 3255 768 3332 ingeniumque,
779 3267 875 3315 tamen
888 3275 935 3316 mo
1132 3257 1173 3314 75

224 3333 300 3390 Cum
314 3335 427 3410 magnis
442 3335 543 3393 vixisse
557 3334 644 3392 invita
658 3335 791 3393 fatebitur
804 3354 894 3412 usque

223 3408 345 3485 Invidia,
359 3423 397 3486 et,
413 3414 505 3490 fragili
517 3431 648 3488 quaerens
661 3412 770 3472 illidere
784 3415 911 3487 dentem,

223 3487 359 3548 Offendet
371 3492 479 3550 solido:
500 3491 555 3550 nisi
569 3490 637 3566 quid
651 3501 691 3564 tu,
705 3492 789 3552 doote
803 3491 932 3565 Trebati,

223 3564 373 3626 Dissentis.

595 3659 756 3694 munnulus.

458 3743 597 3820 Equidem
611 3746 682 3805 nihil
696 3744 745 3804 hie
758 3744 908 3804 diffindere
920 3764 1043 3822 possum.

224 3817 283 3878 Sed
296 3827 402 3892 tamen,
416 3832 448 3879 ut
460 3825 585 3882 monitus
599 3842 709 3898 sareas,
724 3843 761 3884 ne
775 3821 846 3884 lortd
861 3823 959 3903 negoti
1131 3824 1173 3884 80

807 4059 826 4094 Ὁ
