2756 4366
180 305 221 365 ω
509 301 540 357 Q.
557 299 705 348 HORATll
720 297 845 348 raacc1

282 447 395 507 Cuncta
409 461 511 503 manus
524 443 621 501 avidas
634 443 745 519 fugient
758 443 889 516 haeredis,
904 445 995 502 amico

496 523 573 584 Quas
587 523 700 579 dederis
714 523 817 579 anime.
1132 520 1172 580 2⁰

279 605 382 666 Quum
395 602 483 661 semel
497 601 646 673 occideris,
660 600 740 657 etde
754 610 782 658 te
796 600 944 676 splendida
958 599 1055 659 Minos

495 680 610 738 Fecerit
623 679 747 751 arbitria,

279 761 358 834 Non,
372 760 528 837 Torquate,
542 777 643 835 genus,
657 777 715 815 non
729 769 757 815 tc
772 757 914 830 facundia,
928 777 985 816 non
999 767 1028 816 te

498 838 643 895 Restituet
655 837 753 913 pietas.

280 916 407 976 Infamia
419 933 513 992 neque
526 916 604 974 enirn
618 915 743 974 tenebris
755 914 852 973 Diana
863 915 1002 991 pudicum

497 995 613 1052 Liberat
627 994 812 1070 Hippolytum
825 1011 832 1050 τ

279 1073 346 1133 Nec
359 1073 476 1133 Iethm
487 1074 562 1130 valet
575 1072 708 1130 Theseus
721 1072 889 1150 abrumpere
902 1090 968 1130 caro

499 1151 625 1210 Vincula
637 1150 773 1210 Pirithoo.

589 1463 673 1523 ons
693 1464 763 1538 vn.

547 1602 588 1641 AD
602 1602 807 1643 censorum.

342 1704 498 1764 Donnnmr
511 1713 624 1780 pateras
636 1713 772 1780 grataque
787 1703 964 1775 commodus,

343 1783 512 1854 Censorino,
526 1783 598 1840 meis
613 1801 669 1839 tara
682 1781 836 1855 sodalibus,

341 1862 487 1920 Donarem
501 1861 635 1937 tripodas,
648 1862 764 1938 praemia
778 1861 891 1918 sortium

341 1941 509 2009 Graiorum3
530 1959 623 2014 neque
637 1951 668 1997 tu
681 1940 804 2016 pessima
817 1957 968 1997 munerum

342 2018 455 2092 Ferrea,
470 2019 556 2076 divite
570 2038 616 2076 me
630 2019 739 2076 scilicet
753 2019 855 2075 artium

342 2098 427 2159 Quas
440 2109 488 2155 ant
502 2098 668 2154 Parrhasius
681 2096 806 2172 protulit,
822 2107 872 2155 aut
885 2098 1013 2172 Scopas;

343 2176 403 2234 Hic
417 2194 493 2246 saxo,
508 2174 621 2248 liquidis
634 2175 681 2231 ille
696 2175 839 2232 coloribus

343 2254 438 2311 Solers
451 2270 529 2310 nunc
544 2251 689 2309 hominem
701 2271 818 2328 ponere,
833 2270 912 2310 nunc
927 2253 1028 2310 deum:

343 2332 401 2389 Sed
416 2351 474 2389 non
489 2331 551 2388 haec
565 2329 634 2388 mibi
649 2331 699 2402 vis,
720 2348 775 2388 nec
789 2331 840 2388 tibi
850 2331 950 2389 talium

342 2410 404 2467 Res
417 2421 460 2467 est
473 2420 522 2466 aut
536 2409 648 2467 animus
661 2410 827 2467 deliciarum
842 2429 939 2487 egens.

341 2490 459 2547 Gaudes
472 2489 659 2546 carminibus:
680 2489 809 2547 carmina
822 2508 971 2566 possumus

342 2567 468 2639 Donate,
479 2578 509 2624 et
520 2569 642 2644 pretium
655 2569 752 2625 dicere
766 2569 885 2625 muneri.

342 2644 372 2704 N
373 2665 410 2704 on
424 2647 516 2703 incisa
530 2647 604 2704 notis
617 2665 757 2704 marmora
769 2647 901 2722 publicis,

342 2724 397 2783 Per
411 2744 473 2802 quae
487 2724 601 2802 spiritus
613 2736 644 2782 et
654 2725 710 2782 vita
723 2725 796 2782 redit
809 2725 891 2781 bonis

342 2803 410 2863 Post
423 2816 542 2862 mortem
556 2804 693 2873 ducibus;
715 2822 772 2860 non
787 2803 895 2860 celeres
909 2803 994 2879 fugae,

342 2882 527 2959 Rejecwque
540 2880 693 2940 retrorsum
708 2881 881 2940 Hannibalis
893 2882 997 2952 minae3

343 2960 412 3019 Non
427 2961 562 3018 incendia
576 2961 758 3036 Carthaginis
772 2961 875 3036 impiae,

342 3040 414 3117 Ejus
427 3041 475 3117 qui
488 3039 596 3097 domiti
609 3059 713 3098 nomen
728 3041 764 3096 ab
777 3040 878 3098 Africa

343 3119 484 3178 Lucratus
498 3119 590 3192 rediit,
605 3116 709 3176 claritis
722 3118 852 3176 indicant

344 3198 468 3272 Laudes,
483 3196 568 3274 quarn
582 3198 710 3256 Calabra
724 3197 867 3256 Pierides:
887 3217 990 3275 neque,

345 3278 376 3334 Si
390 3278 496 3336 chartac
510 3279 611 3335 sileant
624 3279 698 3353 quod
713 3277 786 3335 bane
801 3277 913 3350 leceris,

344 3353 511 3414 Mercedem
523 3357 629 3413 tuleris.
661 3356 742 3417 Quid
757 3357 828 3414 foret
840 3356 902 3414 Iliae

344 3433 535 3511 Mavortisque
548 3453 627 3512 puer,
641 3435 665 3492 si
679 3435 857 3493 taciturnitas

343 3512 478 3572 Obstaret
491 3515 599 3572 meritis
612 3513 708 3572 invida
721 3513 859 3572 Romulil

343 3589 480 3666 Ereptum
496 3593 602 3670 Stygiis
615 3593 748 3651 fluctibus
762 3592 885 3650 AEacum

343 3670 444 3728 'Virtus
457 3683 486 3728 et
499 3672 577 3731 favor
591 3683 620 3730 et
632 3673 731 3750 lingua
743 3671 902 3749 potentium

344 3748 450 3806 Vatum
461 3751 594 3808 divitibus
608 3760 755 3810 consecrat
769 3749 876 3806 insulis.

344 3825 472 3903 Dignum
485 3829 570 3888 laude
583 3830 675 3888 virum
689 3829 775 3887 Musa
787 3838 861 3887 vetat
874 3828 962 3887 mori:
