2706 4362
180 340 237 402 lta
504 335 536 392 Q,
553 329 700 388 nouum
716 328 842 383 Flacci

218 477 375 540 Certatim:
394 477 510 541 tandem
524 477 617 536 tessus
629 473 753 536 dormire
765 473 856 532 viator

219 559 340 635 lucipit;
361 577 396 616 ac
409 557 504 616 misse
516 567 629 632 pastum
643 552 801 614 retinacula
814 550 899 610 mule

219 637 318 696 Nauta
331 637 411 714 piger
424 655 494 698 sano
505 635 617 718 religat,
631 633 779 707 stertitque
793 629 922 706 supinus.

219 716 342 792 Jamque
355 716 416 774 dies
430 715 538 787 aderat,
551 732 639 788 quum
653 712 695 770 nil
708 710 862 786 procedere
875 707 991 766 lintrem

221 795 384 864 Senonum
404 795 497 852 donec
510 793 676 852 cerebrosus
689 789 797 866 prosilit
809 806 893 862 unus,

220 877 267 932 Ac
280 874 365 931 mulae
377 884 528 948 nauteque
540 880 627 946 caput
640 869 807 944 lumbosque
821 866 933 944 saligno

220 951 310 1012 Fuste
325 952 418 1009 dolat:
438 951 539 1028 muana
552 949 598 1007 vix
612 949 728 1006 demum
742 945 910 1022 exponimur
924 944 1003 1004 horai.

220 1031 281 1089 Ora
294 1048 451 1104 manusque
464 1030 515 1087 tui
528 1029 658 1100 lavimus,
673 1025 808 1098 Feronia,
821 1025 829 1082 l
831 1023 947 1100 ympht.

221 1108 314 1168 Millia
328 1120 388 1167 tum
403 1108 499 1184 pransi
511 1107 568 1165 tria
581 1107 717 1184 repimus,
730 1116 814 1180 atque
828 1104 958 1162 subimus

220 1187 390 1263 Impositum
404 1187 479 1248 saxis
493 1183 550 1244 latd
566 1184 757 1243 candentibus
770 1185 882 1242 Anxur.

220 1265 291 1324 Huc
304 1278 440 1324 venturus
452 1275 514 1324 erat
527 1263 683 1335 Maecenas,
695 1262 821 1338 optimm
834 1273 919 1337 atque

221 1345 373 1417 Cocceius,
387 1343 466 1401 missi
479 1343 591 1418 magnis
603 1342 639 1399 de
654 1341 739 1399 rebus
752 1353 873 1416 uterque

222 1423 334 1500 legati,
347 1441 458 1482 aversos
472 1421 546 1480 soliti
556 1439 728 1496 componere
742 1419 860 1478 amicos.

222 1503 281 1560 Hic
295 1502 387 1560 ocrdis
399 1520 454 1578 ego
467 1500 549 1577 nigra
562 1498 634 1558 meis
647 1499 764 1574 collyria
778 1499 874 1576 lippus

221 1581 347 1639 Illinere.
388 1580 503 1638 Interea
516 1578 662 1639 Mecenas
675 1578 791 1636 advenit
804 1590 889 1654 atquo

221 1659 374 1731 Cocceius,
388 1659 546 1736 Capitoque
560 1658 643 1716 simul
658 1657 807 1729 Fonteius,
821 1657 857 1715 ad
871 1675 999 1734 unguem

222 1737 330 1797 Factus
344 1741 439 1811 homo,
453 1737 575 1810 Antoni,
589 1756 647 1796 non
661 1748 693 1795 ut
707 1733 799 1814 magis
813 1737 894 1810 alter,
908 1735 1027 1796 amicus

261 1817 379 1876 Fundos
393 1818 511 1876 Aufidio
524 1817 620 1876 Lusco
632 1827 752 1893 praetore
762 1816 883 1874 libenter

222 1894 403 1972 Linquimus,
417 1897 512 1958 insani
524 1897 651 1959 ridentes
663 1895 781 1972 premia
794 1895 904 1966 scribe,

222 1977 401 2048 Praetorium,
414 1987 443 2034 et
456 1975 544 2036 latum
558 1976 681 2048 clarum,
694 1993 849 2051 prunaque
863 1971 1001 2032 batillum.

223 2054 257 2111 In
273 2053 482 2114 Mamurrarum
496 2056 564 2113 lassi
578 2055 682 2114 deiude
697 2055 767 2112 urbe
781 2071 940 2126 manemus,

223 2132 355 2190 ltluraend
368 2135 513 2208 prebente
527 2134 655 2206 domum,
668 2134 808 2210 Capitone
822 2133 957 2190 culinam.

262 2211 378 2268 Postera
389 2212 440 2270 lux
451 2211 540 2272 oritur
553 2210 644 2270 multd
658 2212 838 2287 gratissima:
858 2229 981 2286 namque

222 2288 331 2348 Plotius
343 2302 372 2348 et
386 2289 491 2348 Varius
505 2291 649 2348 Sinuessae
661 2290 854 2368 virgiliusque

222 2368 403 2438 Ocoumunt3
425 2369 537 2441 anima,
550 2371 648 2444 quales
661 2389 753 2445 neque
767 2369 948 2428 candidiores

222 2447 315 2506 Terra
328 2448 404 2520 tulit,
416 2467 508 2524 neque
521 2449 601 2524 queis
612 2468 658 2506 me
671 2448 708 2507 sit
721 2449 879 2507 devinctior
892 2448 969 2506 alter.

222 2525 250 2582 Ο
264 2526 312 2602 qui
328 2529 492 2602 complexus
505 2539 535 2585 et
548 2528 654 2604 gaudia
667 2540 773 2604 quanta
786 2528 916 2585 suerunt!

222 2605 271 2664 Nil
286 2625 341 2681 ego
353 2607 523 2663 contulerim
533 2607 663 2681 jucundo
674 2626 761 2664 sanus
774 2607 878 2665 amico.

222 2683 357 2741 Proxima
370 2685 519 2759 Campano
531 2685 611 2760 ponti
624 2705 687 2760 quae
701 2685 797 2744 villula
809 2695 916 2744 tectum

222 2762 356 2834 Praebuit,
369 2775 398 2821 et
411 2763 537 2840 parochi,
550 2783 613 2839 quur
626 2765 742 2838 debent,
755 2764 835 2842 ligna
848 2765 999 2840 salemque.

221 2841 301 2898 Hinc
314 2842 384 2900 muli
398 2843 505 2919 Capuae
521 2842 640 2905 clitellas
653 2857 779 2920 tempore
792 2855 912 2920 ponunt.

221 2920 331 2980 Lusum
345 2921 367 2978 it
380 2919 541 2991 Maecenas;
562 2922 715 2983 dormitum
729 2943 784 3000 ego
797 2922 1007 3000 virgiliusque:

174 3001 176 3006 '
221 2998 353 3075 Namque
367 2999 424 3076 pila
437 3000 521 3078 lippis
535 3001 683 3060 inimicum
698 3013 727 3059 et
740 3003 838 3060 ludere
851 3001 957 3060 crudis

261 3077 340 3138 Hinc
354 3099 406 3138 nos
420 3079 537 3138 Cocceii
551 3081 652 3159 recipit
665 3080 829 3158 plenissima
841 3081 916 3154 villa,
979 3124 981 3133 ι

219 3157 297 3220 Quae
310 3178 395 3234 super
408 3169 452 3218 est
465 3158 558 3218 Caudi
573 3179 725 3236 cauponas.
765 3157 854 3216 Nunc
867 3159 938 3218 mihi
948 3157 1047 3236 paucis

221 3237 363 3296 Sarmenti
378 3257 482 3298 scurror
495 3257 621 3314 pugnam
635 3237 781 3312 Messique
795 3237 909 3310 Cicirri,

220 3312 316 3388 Musa,
330 3317 414 3374 velim
428 3335 584 3386 memorcs;
606 3326 635 3373 et
648 3335 704 3391 quo
717 3326 796 3390 patre
809 3325 894 3372 natus
908 3324 1026 3388 uterque

114 3425 121 3444 ·
220 3393 380 3453 Contulerit
393 3396 465 3454 lites
500 3393 590 3452 Messi
604 3393 712 3452 clarum
725 3411 816 3469 genus
829 3391 918 3461 Osci;
1065 3393 1067 3398 ’

220 3471 363 3531 Sarmenti
377 3475 494 3532 domina
506 3483 605 3532 exstat.
646 3472 696 3529 Ab
708 3472 752 3530 his
766 3470 919 3546 majoribus
931 3468 988 3528 orti
1125 3474 1166 3531 55

219 3549 267 3606 Ad
280 3569 406 3626 pugnam
420 3551 533 3613 rendre.
575 3552 655 3611 Prior
670 3552 854 3609 Sarmentus:
875 3555 893 3581 ‘⁴
905 3548 980 3625 Equi
994 3560 1023 3608 te

219 3626 290 3686 Esse
305 3629 355 3688 seri
370 3631 491 3693 similem
505 3633 597 3692 dico.”
638 3631 794 3690 Ridemus:
815 3640 845 3688 et
859 3629 919 3707 ipse

218 3703 353 3780 Messius,
369 3713 387 3740 “
395 3709 551 3785 Accipio”;
572 3721 658 3790 caput
670 3721 700 3772 et
712 3720 813 3768 movet
855 3713 872 3740 “
882 3707 911 3766 Ο
924 3719 975 3767 tua
987 3726 1078 3768 cornu

218 3782 258 3872 Ni
273 3784 343 3842 foret
356 3798 477 3846 enoeeto
486 3789 591 3864 frons,”
606 3791 707 3866 inquit,
721 3794 739 3820 “
749 3789 817 3868 quid
832 3788 952 3861 secares,
964 3805 1053 3864 quum

219 3863 269 3919 Sic
282 3863 399 3920 mutilus
412 3865 569 3930 minitarisl
579 3870 596 3896 ’'
637 3871 679 3926 At
692 3869 733 3928 illi
747 3867 955 3931 loeda'cicatrix
1124 3865 1166 3925 6⁰
