2706 4362
165 287 221 348 tut]
391 267 395 278 '
491 282 522 341 o.
539 277 685 335 nonam
701 281 827 332 rancor

203 425 253 486 Me
267 437 396 486 constare
410 425 480 484 mihi
494 427 561 498 scis,
574 437 604 484 et
617 425 764 482 discedere
778 421 898 498 tristem,

202 506 443 580 Quandocunqne
457 505 573 562 trahunt
586 504 676 560 invisa
689 503 804 579 negotia
817 503 950 561 Romam.

204 581 272 642 Non
286 585 386 642 eadem
402 583 553 652 miramur;
573 580 609 641 ed
622 581 800 640 disconvenit
813 582 886 640 inter

203 660 310 738 Meque
323 674 352 720 et
364 674 409 720 te:
430 680 507 732 nam,
520 680 583 736 quae
598 662 708 717 deserta
721 671 750 716 et
764 660 905 734 inhospita
918 670 1018 736 tesqua

204 741 316 812 Credis,
330 759 441 797 amoena
454 750 536 798 vocat
549 757 661 798 mecum
676 737 724 812 qui
739 737 834 810 sentit,
847 749 877 796 et
889 739 950 796 odit

205 820 282 882 Quae
295 833 326 878 tu
339 819 458 894 pulchra
470 829 561 893 putas.
602 815 709 876 Fornix
722 816 773 873 tibi
787 827 816 874 et
829 827 918 874 uncta
929 817 1035 895 popina
1103 895 1106 900 .

204 899 353 958 Incutiunt
367 897 444 953 urbis
458 895 639 966 desiderium,
653 895 749 964 video;
771 907 799 952 et
812 892 888 970 qudd

207 977 337 1052 Angulus
352 977 406 1032 iste
420 975 490 1032 feret
503 975 583 1050 piper
596 985 625 1030 et
638 974 704 1030 thus
717 970 799 1030 ocids
812 975 884 1044 uvtl;

204 1056 269 1114 Nec
283 1055 377 1111 vicina
391 1053 496 1124 subest,
510 1053 608 1109 vinum
621 1053 746 1127 praebere
760 1053 878 1110 taberna

203 1134 280 1196 Quae
293 1133 380 1208 possit
393 1132 443 1188 tibi
456 1151 462 1199 ;
484 1149 539 1188 nec
553 1131 685 1188 meretrix
698 1131 827 1202 tibicina,
840 1131 922 1206 cujus

204 1214 252 1270 Ad
266 1212 412 1286 strepitum
427 1210 510 1266 salias
522 1220 605 1266 terrae
615 1209 715 1283 gravis.
756 1209 795 1265 Et
808 1221 902 1267 tamen
917 1227 1002 1288 urges

204 1289 379 1364 Jampridem
394 1307 451 1345 non
465 1298 541 1344 tacta
552 1287 696 1362 ligonibus
710 1305 786 1358 arva,
800 1288 954 1364 bovemque

205 1369 387 1443 Disjunctum
402 1385 494 1435 curas,
510 1375 539 1421 et
552 1365 656 1421 strictis
671 1365 817 1442 frondibus
828 1367 939 1443 exples:

205 1447 295 1503 Addit
308 1464 379 1520 opus
392 1443 473 1519 pigro
486 1443 572 1513 rivus,
587 1442 610 1498 si
625 1442 732 1500 decidit
746 1445 846 1516 imber,

204 1523 297 1580 Mutat
311 1523 384 1580 mole
398 1522 545 1580 docendus
558 1521 653 1596 aprico
666 1541 782 1597 parcere
795 1534 884 1599 prato,

244 1601 342 1671 Nunc,
353 1620 416 1676 age,
430 1600 497 1674 quid
512 1610 637 1659 nostrum
652 1613 823 1658 concentum
838 1603 953 1677 dividat,
969 1605 1044 1662 audi.

204 1679 302 1740 Quem
315 1689 416 1736 tenues
430 1677 554 1736 decudre
567 1691 641 1754 togae
655 1679 793 1755 nitidique
808 1681 913 1756 capilli,

204 1756 303 1818 Quem
317 1756 392 1814 ndsti
406 1757 533 1814 bibulum
546 1757 642 1814 medie
656 1759 692 1814 de
706 1759 770 1815 luce
784 1757 909 1832 Falerni,

204 1836 296 1894 Coena
309 1836 400 1894 brevis
411 1836 499 1910 juvat,
513 1847 543 1892 et
555 1855 648 1912 prope·
654 1837 744 1893 rivum
759 1857 875 1895 somnus
888 1839 919 1895 in
933 1839 1038 1898 berbi:

204 1913 234 1970 N
236 1934 271 1972 ee
284 1915 384 1972 lusisse
398 1914 495 1990 pudet,
511 1914 560 1970 sed
574 1933 632 1972 non
647 1915 773 1972 incidere
787 1916 895 1975 ludum.

204 1992 271 2049 Non
286 1993 371 2050 isthic
384 1991 497 2066 obliquo
510 1993 594 2050 oculo
606 2011 670 2050 mea
684 1997 834 2067 commoda
847 1996 994 2072 quisquam

204 2069 315 2138 Limat;
337 2089 393 2127 non
408 2072 473 2128 odio
486 2071 607 2128 obscuro
620 2091 770 2148 morsuque
784 2087 913 2132 venenat.

205 2146 315 2204 Rident
328 2148 413 2204 vicini
427 2148 523 2222 glebas
537 2161 565 2206 et
578 2169 648 2206 saxa
662 2157 830 2209 moventem.

205 2225 280 2280 Cum
294 2226 381 2282 servis
395 2225 503 2282 urbana
517 2227 607 2284 diaria
620 2230 719 2286 rodere
733 2231 840 2299 mavis;

205 2301 316 2358 Horum
330 2312 361 2357 tu
375 2303 404 2358 in
419 2321 567 2360 numerum
582 2317 647 2363 voto
659 2309 726 2364 ruis.
767 2307 880 2364 Invidet
894 2327 977 2365 usum

204 2379 360 2454 Lignorum
374 2391 403 2436 et
415 2381 525 2456 pecoris
539 2382 590 2439 tibi
605 2384 667 2441 calo
680 2397 796 2461 argutus
809 2396 837 2442 et
851 2385 931 2443 horti.

204 2455 293 2532 Optat
305 2459 438 2534 ephippia
451 2459 500 2516 bos
513 2460 608 2536 piger;
629 2472 708 2536 optat
721 2483 799 2520 arare
814 2464 949 2520 caballus.

203 2534 301 2597 Quam
315 2537 368 2593 scit
382 2548 509 2613 uterque,
522 2539 623 2610 libens,
638 2541 772 2612 censebo,
786 2552 918 2600 exerceat
932 2551 1029 2600 artem.

503 2851 706 2910 EPISTOLA
727 2853 794 2910 XV.

484 2985 524 3025 AD
538 2989 704 3030 NUMONIUM
717 2989 827 3028 VALAM.

200 3087 291 3150 Quen
306 3086 342 3143 sit
357 3087 447 3143 hiems
461 3085 561 3159 velis,
575 3089 650 3162 qnod
664 3089 777 3162 crelam,
792 3087 875 3162 Vale,
891 3090 1012 3164 Salerni,

200 3166 333 3227 Quorum
348 3165 495 3222 bominum
509 3167 597 3241 regio,
611 3179 640 3225 et
654 3169 743 3242 qualis
754 3170 818 3225 via:
840 3167 921 3244 (nam
935 3171 1005 3228 mihi
1018 3170 1103 3228 Baius

200 3242 286 3299 Musa
298 3261 485 3318 supervacuas
500 3245 653 3316 Antonius,
668 3257 806 3304 ettamen
820 3248 875 3304 illis

200 3319 250 3378 Me
265 3321 332 3377 facit
346 3321 477 3396 invisum,
492 3321 586 3396 gelidai
600 3341 686 3396 quum
700 3325 813 3398 perluor
827 3326 906 3384 undti

200 3399 255 3454 Per
269 3399 394 3455 medium
409 3400 513 3474 frigus:
536 3397 605 3456 send
620 3413 739 3474 myrteta
753 3404 884 3480 relinqui,

200 3473 341 3550 Dictaque
356 3489 514 3534 cessantem
529 3479 622 3535 nervis
636 3480 741 3537 elidere
755 3484 885 3540 morbum

201 3551 342 3624 sulphura
356 3557 510 3626 contemni,
524 3557 604 3614 vicus
617 3560 715 3633 gemit,
730 3561 841 3618 invidus
855 3562 938 3637 aegris

199 3628 262 3688 Qui
276 3644 360 3703 caput
374 3643 403 3689 et
416 3635 591 3692 stomachum
607 3656 764 3712 supponere
778 3639 902 3697 fontibus
916 3641 1023 3700 audent

200 3703 337 3774 Clusinis,
351 3709 512 3784 Gabiosque
525 3725 625 3786 petunt
639 3727 667 3771 et
681 3716 780 3790 frigida
795 3735 876 3773 rura:

201 3777 357 3836 Mutandus
371 3784 451 3840 locus
464 3799 516 3859 est,
531 3801 559 3845 et
572 3792 724 3849 diversoria
737 3803 804 3850 nota
