2756 4366
507 363 509 366 ·
525 339 557 396 Q.
574 335 721 398 HORATII
737 334 861 388 FLACOI

612 558 697 618 ODE
710 559 782 618 XII.

544 698 584 738 Ab
605 698 708 737 mulum
728 696 856 736 mutam·

361 797 440 870 AEar,
455 808 565 856 vetusto
579 798 682 856 nobilis
695 797 733 854 ab
746 795 847 868 Lemo,

362 875 502 954 (Quando
516 888 545 936 et
558 877 665 955 priores
679 877 747 934 hino
761 875 876 933 Lamias
890 873 985 932 ferunt

400 953 617 1028 Denominatos,
631 967 660 1014 et
673 967 809 1031 nepotum

438 1035 492 1094 Per
506 1055 648 1093 memores
661 1051 752 1110 genus
766 1051 851 1091 omne
863 1031 948 1090 fastos

360 1114 489 1170 Auctore
504 1114 541 1170 ab
554 1113 602 1170 illo
616 1114 697 1171 ducit
709 1113 859 1187 originem,

359 1190 422 1253 Qui
435 1190 614 1250 Formiarum
628 1192 733 1248 moenia
747 1191 850 1248 dicitur

399 1269 546 1346 Priuoeps,
562 1282 591 1328 et
604 1271 751 1326 innantem
764 1267 882 1325 Marieae

437 1349 593 1406 Litteribus
606 1348 731 1406 tenuisse
745 1346 846 1419 Lirim,

360 1423 433 1484 Late
446 1427 615 1506 tyrannus);
638 1446 701 1484 oras
716 1426 790 1483 foliis
803 1443 907 1482 nemus

361 1504 461 1564 Multis
474 1516 503 1564 et
517 1506 582 1582 aigi
595 1507 673 1564 littus
687 1505 781 1562 inutili

398 1586 532 1643 Demissa
544 1595 696 1662 tempestas
710 1585 746 1659 ab
760 1583 838 1642 Euro

442 1666 566 1736 Sternet,
582 1683 661 1740 aquae
675 1664 731 1722 nisi
745 1663 817 1721 fallit
831 1681 922 1739 augur

361 1743 483 1801 Annosa
495 1744 603 1811 oornix.
645 1743 724 1800 Dum
738 1754 829 1820 potes,
844 1742 955 1799 aridum

362 1821 510 1898 Compone
524 1822 651 1898 lignum:
674 1839 738 1878 oras
750 1821 877 1878 Genium
891 1839 969 1879 mero

400 1901 532 1973 Curubis,
547 1912 576 1958 et
589 1918 676 1978 poroo
690 1900 827 1971 bimestri,

440 1979 518 2038 Cum
532 1979 646 2038 famulis
659 1996 777 2054 operum
791 1977 897 2036 solutis.

604 2289 689 2350 ODE
702 2291 789 2350 XIII.

598 2429 639 2468 Ar>
660 2430 795 2471 FAUNUM.

363 2530 482 2602 Fauna,
497 2529 696 2606 Nympharum
710 2528 869 2606 fugientum
883 2539 1001 2604 amator,

361 2609 418 2666 Per
430 2627 509 2665 meos
522 2609 594 2666 fines
608 2619 637 2666 et
650 2609 747 2684 aprica
760 2628 826 2666 rura

362 2687 450 2746 Lenis
463 2688 591 2758 incedas,
606 2688 746 2762 abeasque
760 2687 852 2762 parvis

560 2766 671 2841 AEquus
685 2767 823 2823 alumnis:

364 2846 396 2903 Si
409 2856 489 2902 tener
501 2845 586 2920 pleno
600 2846 677 2902 eadit
691 2845 789 2902 haedus
803 2863 888 2916 anne,

362 2924 456 3000 Larga
469 2943 525 2980 neo
538 2925 642 2982 desunt
654 2923 777 2981 Veneris
792 2923 881 2980 sodali

363 3002 441 3060 Vina
454 3013 580 3074 crateras,
593 3013 674 3059 vetus
688 3021 737 3060 ara
750 3001 840 3059 multo

439 3155 440 3158 Ἴ
556 3080 660 3139 Fumat
673 3083 768 3140 odore.

364 3159 452 3218 Ludit
465 3161 585 3218 herboso
599 3179 688 3236 pecus
700 3179 785 3219 omne
801 3179 912 3237 eampo,

363 3239 464 3302 Quum
478 3240 530 3297 tibi
543 3238 637 3296 Nonae
651 3241 772 3298 redeunt
785 3239 977 3296 Decembres:

365 3317 468 3376 Festus
481 3319 512 3376 in
525 3320 613 3394 pratis
626 3330 707 3376 vacat
720 3319 810 3376 otioso

561 3396 637 3454 Cum
652 3397 721 3454 bove
735 3415 841 3474 pagus:

366 3473 445 3533 luter
459 3475 583 3534 audaces
595 3475 679 3551 lupus
692 3488 767 3538 errat
781 3494 887 3552 agnos:

368 3553 482 3630 Spargit
495 3567 620 3631 agrestes
634 3555 684 3612 tibi
699 3555 768 3626 silva
782 3555 912 3611 frondes:

367 3631 482 3691 Gaudet
494 3635 614 3691 tuvisam
627 3634 768 3709 pepulisse
782 3633 870 3689 fossor

564 3711 625 3770 Ter
638 3713 711 3786 pede
721 3722 835 3769 terram.
