2706 4362
499 294 705 348 SATIRARUM
722 298 787 346 LIB.
805 299 841 348 11.
858 303 882 349 8.

238 403 368 521 Sublegit
379 443 589 521 quodcunque'
578 451 686 519 Jaseret
700 441 809 516 inutile,
824 444 954 535 quodque

237 524 336 582 Posset
348 533 493 581 ooenantes
505 522 665 591 offendere3
687 532 719 580 ut
732 513 874 580 Attica
844 541 922 598 virgo

237 603 312 662 Cum
325 603 412 660 saeris
425 602 539 660 Cereris
541 567 690 678 ,presedit
704 601 800 658 fuseus
814 601 974 691 Hydaspes,

237 681 398 738 Caeouba
374 700 439 739 vma
454 682 563 738 ferens·
556 723 564 750 ,
586 681 691 751 Aleon,
705 680 810 736 Chium
824 681 910 737 maris
924 699 1034 755 expers.
1146 681 1182 739 15

236 759 295 818 Hie
310 761 414 819 herus:
431 765 453 794 ·“
469 760 625 832 Albanum,
639 758 795 831 Muroenas,
809 759 868 816 sive
882 759 1036 818 Falernum

236 837 282 896 Te
295 837 388 915 magis
402 839 535 934 appositis
548 839 681 910 delectat,
696 838 833 894 habemus
847 839 1024 912 utrumque,”

620 989 763 1022 HORA'HUS.

228 1059 357 1133 ¹Divitias
371 1075 504 1133 miseras!
527 1075 584 1132 Sed
598 1074 678 1150 queis
692 1074 869 1132 ooenantibus
883 1076 951 1147 und,

174 1212 178 1216 .
236 1154 381 1266 Fundani,
393 1151 513 1230 pulobrd
528 1154 612 1212 luerit
624 1154 685 1225 tibi,
700 1152 785 1210 ndsse
798 1153 902 1213 laboro.

608 1305 769 1338 annuamus.

170 1415 178 1424 ·
236 1369 372 1450 Summus
385 1412 456 1484 eg03
476 1403 504 1450 et
517 1412 605 1469 prope
618 1411 665 1450 me
679 1367 784 1452 Viscus
798 1391 963 1463 Thurinus3
984 1404 1013 1451 et
1025 1392 1109 1468 rnsrd
1142 1393 1181 1452 20

236 1473 267 1530 Si
282 1473 408 1544 memini,
423 1471 541 1529 Varius:
562 1491 629 1528 oum
644 1472 763 1528 Servilio
776 1469 928 1529 Balatrone

235 1551 367 1608 Vibidius
370 1569 460 1626 ,quos
474 1549 620 1608 Maeoenas
634 1550 789 1607 adduxerat
802 1551 924 1607 umbras.

235 1629 435 1686 Nomentanus
449 1639 509 1686 erat
522 1648 605 1704 super
619 1629 721 1702 ipsum,
736 1628 853 1685 Porcius
868 1628 952 1701 inlrd,

236 1707 391 1763 Ridiculus
404 1717 477 1763 totas
490 1708 573 1763 simul
586 1707 739 1764 obsorbere
752 1703 942 1781 placentas.

237 1785 437 1842 Nomentanus
450 1785 486 1840 ad
498 1786 551 1842 hoc
554 1784 633 1859 ,qui,
649 1803 671 1840 sr
665 1784 754 1857 quid
768 1783 841 1841 forte
854 1785 963 1857 lateret,
1143 1787 1182 1844 25

221 1879 223 1884 ·
237 1861 338 1920 Indice
352 1874 522 1920 monstraret
533 1830 639 1938 digito:
660 1881 727 1919 nam
740 1873 843 1920 eaetern
856 1863 948 1952 turba,

236 1941 330 2014 Noss
323 1961 448 2014 mquam,
463 1947 609 1998 coenamirs
623 1960 697 2013 aves,
712 1941 871 2016 conchylia,
881 1942 984 2017 pisces,

177 2047 179 2053 ·
235 1987 336 2096 Longe
351 2021 517 2077 dissimilem
531 2031 598 2078 noto
612 1988 733 2078 oelaritia
746 2038 882 2090 suooum;

182 2162 184 2167 ,
235 2099 273 2156 Ut
286 2099 329 2154 vel
343 2096 480 2156 eonunud
495 2093 594 2173 patuit,
609 2118 696 2173 quum
710 2099 830 2173 passeris
844 2111 928 2172 atque

234 2175 382 2252 ingustata
396 2177 465 2233 mihi
479 2188 641 2251 porrexerat
655 2176 702 2232 iliu
715 2177 834 2233 rhombi.

234 2255 301 2313 Post
315 2256 368 2312 hoo
378 2274 425 2312 me
440 2255 537 2312 dooult
547 2248 689 2311 melimela
702 2255 803 2311 rubere
817 2255 956 2312 minorem

234 2335 282 2390 Ad
296 2335 392 2391 lunam
406 2334 524 2390 delecta
565 2333 647 2395 Quid
662 2334 737 2391 hoo
729 2333 849 2405 intersit,
866 2333 920 2391 ab
912 2352 973 2409 ipso

234 2402 369 2470 Audieris
382 2411 493 2470 melitis.
533 2411 611 2469 Tum
626 2412 759 2469 Vibidius
772 2412 917 2470 Balatroni
928 2433 934 2469 r

234 2497 251 2521 “
262 2491 333 2563 Nos,
347 2491 402 2548 nisi
416 2489 553 2548 damnose
568 2491 701 2562 bibimus,
715 2492 869 2549 moriemur
883 2491 995 2549 inuti?

235 2570 271 2628 Et
284 2570 390 2627 calices
403 2569 496 2646 possit
509 2570 636 2646 majores.
677 2571 796 2628 Vertere
810 2571 898 2646 pallor
1140 2571 1180 2632 35

198 2720 203 2726 ἦ
234 2648 311 2705 Tum
325 2651 443 2725 parochi
458 2650 570 2722 faeiem,
584 2650 623 2706 nil
638 2650 681 2706 sio
695 2651 849 2708 metuentis
863 2661 894 2707 ut
908 2669 988 2707 aeres

233 2727 365 2797 Potores3
386 2728 428 2784 vel
443 2727 518 2802 qudd
532 2729 707 2785 maledicunt
720 2727 893 2796 liberiusve!

234 2805 355 2863 Fervida
368 2804 444 2879 qudd
458 2806 561 2862 subtile
574 2807 727 2862 exsurdant
740 2808 805 2863 vina
818 2807 952 2880 palatum.

161 2879 167 2886 ’
235 2883 385 2939 Invertunt
398 2882 560 2957 Allipbanis
571 2883 679 2940 vinaria
692 2894 751 2941 tota

211 2982 216 2993 ·
234 2960 366 3018 Vibidius
380 2961 558 3034 Balatroque,
572 2961 696 3034 sequutis
709 2961 841 3018 omnibus
853 2982 859 3018 :
881 2961 930 3019 imi
1140 2964 1179 3022 40

234 3040 367 3098 Convivae
380 3037 448 3095 lecti
462 3034 582 3094 nihilum
597 3037 722 3096 noeudre
735 3040 851 3114 lagenis

234 3119 361 3177 Affertur
375 3116 510 3193 squillas
503 3126 576 3172 mter
591 3135 716 3176 muraena
729 3129 859 3175 natantes

234 3200 269 3257 Iu
282 3197 380 3276 patrna
390 3204 527 3273 porrecta
564 3195 624 3252 Sub
635 3197 689 3253 hoo
701 3197 817 3268 herus,
821 3196 911 3253 Haec
922 3197 1066 3271 gravida
1078 3195 1177 3272 inquit,

234 3279 359 3354 “Capta
372 3288 424 3350 est,
439 3275 560 3332 deterior
573 3287 635 3351 post
648 3287 758 3366 partum
773 3295 859 3333 carne
873 3275 973 3332 lutura.

234 3357 289 3415 His
299 3358 419 3414 mixtum
430 3355 477 3431 jus
490 3366 533 3414 est
546 3356 607 3414 oleo
621 3356 696 3446 quod
710 3356 800 3446 prima
813 3353 931 3411 Venafri
1139 3357 1178 3414 45

234 3436 339 3493 Pressit
353 3436 441 3504 cella3
463 3455 531 3524 garo
541 3434 585 3492 de
591 3435 685 3492 suecis
699 3435 784 3510 piscis
798 3433 890 3502 Iberi;

234 3515 310 3570 Viuo
324 3515 508 3588 quinquenni,
522 3511 620 3571 verdm
634 3514 706 3571 citra
719 3533 796 3570 mare
810 3523 886 3584 nato,

234 3591 311 3647 Dum
326 3592 464 3668 coquitur,
475 3604 557 3650 ooeto
570 3592 675 3649 Chium
689 3593 731 3648 sie
745 3592 878 3649 convenit
891 3602 922 3650 ut
936 3611 994 3650 non

235 3669 302 3727 Hos
316 3667 406 3745 magis
420 3670 507 3728 ullum
521 3670 614 3738 aliud3
635 3672 731 3746 pipere
746 3671 819 3742 albo,
834 3689 891 3729 non
906 3673 967 3731 sine
981 3685 1062 3733 aoeto

233 3748 322 3813 Quod
337 3747 557 3824 Methymuaeam
571 3749 638 3808 vitio
648 3750 798 3808 mutaverit
811 3769 901 3809 uvam.
1137 3755 1177 3811 50
