2756 4366
510 353 541 408 Q.
559 351 705 400 HORATH
722 351 846 401 susce!

298 495 427 556 Peausve
440 493 569 553 Calabris
583 507 649 553 ante
663 496 741 552 sidus
753 494 892 552 fervidum

417 574 537 632 Lucana
550 585 640 632 mutet
651 593 758 651 pascua
768 593 776 643 ;

299 653 365 714 Neo
379 665 410 712 ut
423 654 539 729 superni
552 654 619 711 vilia
632 653 760 710 candens
771 651 893 711 Tusculi

418 731 530 790 Circaea
543 742 641 808 tangat
654 730 769 789 moenia.
815 801 817 808 Ι

300 807 377 871 Satis
391 808 531 886 supbrque
542 830 588 867 me
603 810 764 886 benignitas
777 819 827 868 tua

417 889 538 947 Ditavit:
560 890 636 946 baud
649 908 785 965 paravero

300 967 390 1031 Quod
403 979 463 1040 aut,
473 987 574 1026 armus
587 978 618 1026 ut
631 969 782 1040 Chremes,
794 967 870 1024 terra
884 985 1022 1042 premam,

419 1046 585 1104 Disoiuctus
599 1057 648 1104 aut
660 1047 778 1124 perdam
792 1057 823 1105 ut
836 1065 934 1124 nepos.

602 1393 687 1454 ODE
706 1395 747 1455 11.
854 1461 857 1467 ,

283 1517 432 1576 “Burrus
446 1515 493 1572 ills
506 1514 555 1590 qui
568 1512 666 1590 procul
680 1516 814 1590 negotiis,

418 1592 458 1652 Ut
470 1594 563 1670 prisea
576 1611 647 1669 gens
661 1594 834 1668 mortalium,

301 1673 423 1733 Paterna
436 1691 501 1730 mra
515 1673 606 1730 bobus
619 1682 733 1730 exeroet
746 1671 817 1745 suis,

420 1750 536 1808 Solutus
549 1750 627 1810 omni
642 1751 756 1808 soenore.

300 1825 402 1908 Neque
415 1829 556 1887 excitatur
570 1828 692 1885 olassioo
703 1829 785 1886 miles
798 1831 884 1903 truoi,

418 1907 522 1982 Neque
535 1908 629 1966 htsrrat
643 1907 744 1966 iratum
757 1927 851 1980 mare;

301 1987 408 2048 Forum
427 2006 464 2043 ue
477 1987 555 2058 vitat,
568 1997 597 2042 et
610 1985 731 2061 superba
742 1987 850 2045 sirium

333 2117 335 2122 .
443 2065 614 2123 otentiorum
627 2064 735 2122 limina.

300 2145 378 2222 Ergo
392 2154 440 2202 aut
454 2143 551 2200 adulta
565 2143 664 2200 vitium
677 2145 834 2221 propagine

420 2221 501 2281 Altus
514 2220 627 2278 maritat
638 2223 772 2298 popuios3

300 2298 477 2376 Inutilesque
490 2299 564 2357 salos
576 2318 669 2358 ramos
683 2313 844 2378 amputans,

418 2378 575 2436 Feliciores
588 2379 687 2437 inserit
697 2399 705 2450 3

301 2458 362 2518 Ant
375 2455 404 2514 in
418 2457 537 2515 reducti
551 2457 622 2516 valle
636 2459 825 2536 mugientium

418 2535 583 2613 Prospectat
595 2549 722 2595 errantes
735 2557 854 2614 gregem

301 2615 363 2676 Aut
375 2634 472 2692 pressa
484 2615 562 2692 puris
576 2613 659 2672 mella
672 2617 770 2672 condit
786 2616 928 2690 amphoris
935 2638 944 2688 ς

419 2695 479 2752 Aut
491 2694 589 2754 tondet
602 2692 728 2752 infirmas
741 2712 825 2763 oves;

300 2772 367 2848 Vel,
385 2791 472 2849 quum
487 2773 622 2831 deoorum
635 2773 753 2830 mitibus
765 2772 857 2849 pomis
870 2785 956 2850 oaput

419 2853 585 2910 Autumnus
599 2852 672 2910 arvis
685 2851 795 2924 extulit,
848 2901 859 2917 ,

301 2929 341 2990 Ut
353 2930 459 3006 gaudet
473 2930 586 2988 insitiva
599 2932 756 3008 decerpens
769 2950 848 3008 pyra,

418 3007 583 3066 Certantem
597 3019 627 3066 at
640 3029 723 3068 uvam
737 3029 879 3087 purpurae,

300 3087 372 3150 Qua
385 3095 549 3145 muneretur
561 3098 600 3160 te,
614 3089 727 3166 Priape,
740 3101 770 3148 et
782 3101 822 3174 te²
834 3101 915 3168 pater

420 3167 544 3240 Silvano,
558 3179 636 3227 tutor
647 3169 765 3228 finium!

302 3244 385 3304 Libet
392 3244 488 3322 jacere
503 3244 588 3305 modo
602 3248 656 3304 sub
669 3248 785 3324 antiqui
799 3247 874 3320 ilios,

420 3323 510 3384 Modo
524 3327 555 3384 iu
568 3328 663 3386 tenaci
676 3327 814 3400 gramine.

303 3401 451 3472 Labuntur
465 3405 528 3461 altis
541 3404 654 3461 interim
668 3404 736 3478 ripis
750 3423 845 3478 aquae3

419 3482 588 3545 Queruntur
599 3483 629 3541 iu
643 3483 719 3540 silvis
733 3501 815 3552 aves3

303 3557 464 3637 Fontesque
479 3563 601 3640 lymphis
613 3563 779 3637 obstrepunt
792 3563 985 3637 manantibus,

422 3641 543 3700 Somnos
556 3642 631 3718 quod
645 3641 743 3700 invitet
756 3641 840 3700 leves.

304 3714 354 3788 At,
367 3735 455 3790 quum
466 3721 591 3778 tonantis
604 3740 698 3779 anatis
711 3721 847 3780 bibemus
860 3721 940 3781 Jovis

421 3794 531 3854 Imbres
545 3799 679 3878 uiresque
693 3813 847 3876 comparat,

304 3870 365 3930 Aut
378 3872 465 3930 trudit
480 3893 559 3932 aeres
573 3879 641 3938 hina
654 3890 683 3937 st
697 3880 766 3940 bino
779 3882 868 3941 multa
881 3901 954 3942 eane
