2756 4366
561 393 701 443 EPODON
719 394 831 444 LIBER.

436 538 530 614 Apros
543 537 573 594 in
586 538 731 595 obstantes
744 538 850 615 plagas,

316 618 378 677 Aut
391 617 476 674 amite
490 617 545 673 levi
558 635 621 673 rora
633 617 725 675 tendit
738 618 818 689 retia,

325 715 328 720 ·
434 695 543 753 Turdis
557 695 697 752 edacibus
707 697 802 765 dolos;
1009 701 1034 764 ‚l

315 774 510 849 Pavidumque
524 774 659 850 leporem,
674 785 703 830 et
716 775 854 831 advenam
869 774 969 852 laqueo
982 793 1093 851 gruem,
1148 776 1189 834 35

436 853 572 909 Jucunda
585 864 679 929 captat
692 854 816 930 praemia.

316 931 396 994 Quis
410 950 468 988 non
482 931 629 1003 malarum,
643 952 713 1006 quas
727 951 805 989 amor
818 951 903 994 ouras
916 933 1010 1007 habet,

438 1008 511 1066 Haec
525 1009 598 1066 inter
611 1011 804 1068 obliviscitur?

211 1155 214 1162 Δ
316 1086 407 1151 Quod
421 1088 445 1145 si
459 1089 564 1164 pudica
578 1089 678 1164 mulier
691 1089 721 1146 in
734 1101 842 1164 partem
854 1090 955 1166 juvans
994 1112 997 1122 ¹

437 1167 561 1223 Domum
577 1179 660 1242 atque
674 1168 773 1224 dulces
786 1168 899 1242 liberos,

317 1247 424 1305 Sabina
436 1245 536 1320 qualis,
551 1256 601 1304 aut
613 1259 728 1322 perusta
742 1246 848 1306 solibus

434 1325 563 1382 Pernicis
577 1344 648 1395 uxor
661 1325 779 1400 Appuli‚

318 1406 439 1463 Sacrum
452 1405 570 1461 vetustis
583 1415 708 1462 exstruat
722 1402 808 1480 lignis
822 1404 916 1462 focum

436 1481 518 1541 Lassi
532 1483 585 1538 sub
599 1485 752 1540 adventum
766 1483 828 1555 viri,

315 1562 518 1637 claudensque
532 1563 615 1619 textis
629 1563 754 1619 cratibus
767 1562 863 1619 laetum
876 1580 966 1638 pecus

435 1639 568 1697 Distenta
581 1642 671 1698 siccet
684 1642 782 1713 ubera,

317 1720 355 1777 Et
369 1721 460 1776 horna
470 1719 548 1775 dulci
562 1719 627 1775 vina
637 1731 771 1795 promebs
784 1713 860 1776 dolio

436 1795 533 1871 Dapes
547 1797 686 1870 inemptas
701 1807 834 1869 apparet:

317 1873 386 1934 Non
400 1893 446 1931 me
460 1873 587 1930 Lucrina
597 1874 721 1949 juverint
734 1873 893 1948 conchylia,

437 1947 568 2030 Magisve
581 1953 726 2023 rhombus,
741 1964 789 2009 aut
803 1952 895 2025 scari„

318 2035 351 2092 Si
365 2052 435 2109 quos
450 2032 520 2089 Eois
534 2030 662 2092 intonata
676 2031 809 2088 fluetibus

347 2129 352 2136 ·
438 2110 541 2168 Hiems
555 2112 591 2168 ed
606 2112 660 2168 hoo
674 2121 764 2168 vertat
778 2129 886 2180 mare3v

317 2191 385 2250 Non
399 2190 472 2248 Afra
486 2190 545 2247 ovis
558 2190 715 2246 descendat
729 2190 758 2246 in
772 2200 899 2247 ventrem
913 2208 1019 2264 meum,

434 2269 503 2326 Non
517 2280 632 2344 attagen
647 2269 764 2326 Ionicus

316 2345 585 2423 Juoundi01,qutm
599 2349 674 2405 lecta
687 2348 723 2404 de
737 2347 930 2423 pinguissimis

437 2425 522 2483 Oliva
535 2427 621 2483 ramis
636 2427 777 2497 arborum,

316 2508 377 2564 Aut
390 2506 479 2562 herba
492 2505 597 2580 lapathi
611 2516 691 2580 prata
704 2505 835 2576 amantis,
850 2515 879 2562 et
892 2505 992 2582 gravi.

435 2582 538 2644 Malvae
551 2585 678 2642 salubres
691 2584 812 2660 corpori,

316 2664 371 2723 Vel
386 2683 460 2740 agna
475 2663 552 2722 lestis
565 2681 640 2721 caesa
654 2663 876 2736 Terminalibus,

321 2807 323 2812 ,
433 2743 489 2799 Vel
503 2744 603 2799 hoedus
617 2754 730 2820 ereptus
745 2742 818 2817 lupo.

318 2823 381 2882 Has
395 2822 468 2878 inter
482 2822 589 2895 epulas,
604 2831 635 2876 ut
646 2820 724 2895 juvat
737 2831 832 2894 pastas
844 2837 911 2876 oves

435 2898 542 2955 Videre
556 2909 738 2972 properantes
751 2899 883 2967 domum;

317 2977 424 3036 Videre
438 2976 526 3032 sessos
540 2993 681 3032 vomerem
696 2976 839 3034 inversum
853 2977 938 3048 boves

437 3053 518 3112 Collo
531 3055 675 3110 trahentes
688 3055 838 3130 languido;

318 3135 486 3208 Positosque
500 3150 610 3202 vernas,
624 3132 691 3186 ditis
704 3151 824 3187 examen
838 3131 950 3204 dormis,

436 3212 554 3269 Circum
568 3209 733 3267 renidentes
746 3210 833 3266 Lares
842 3210 869 3265 l''

317 3295 391 3354 Hac
404 3293 453 3350 ubi
467 3293 579 3350 loeutus
593 3290 743 3348 soenerator
758 3287 859 3361 Alfius,

434 3373 499 3430 Jam
511 3371 570 3448 jam
585 3371 694 3428 futurus
707 3369 841 3441 rusticus,

316 3454 441 3512 Omnem
456 3452 566 3528 redegit
580 3450 680 3508 Idibus
693 3449 859 3526 pecuniam3

434 3531 548 3593 Quaerit
561 3529 700 3588 Kalendis
712 3547 829 3605 ponere.

513 3607 561 3667 7*
