2706 4362
501 287 709 338 SATIRARUM
725 286 792 336 LIB.
810 287 845 336 11.
863 289 887 336 2.

241 433 368 494 Incutiat
380 433 430 492 tibi
444 432 512 508 quid
526 441 690 488 sanctarum
703 430 817 488 inscitia
829 405 936 506 legum,

242 513 274 570 si
287 514 361 570 mala
374 509 534 570 condiderit
548 511 578 571 in
590 529 676 586 quem
689 510 753 585 quis
766 507 904 581 carmina,
915 507 962 583 jus
976 518 1019 565 est

240 590 450 668 Iudiciumque.

618 717 763 769 sonneras.

512 853 518 862 ·
556 821 636 895 Esto,
650 821 751 897 siquis
764 820 854 890 mala;
876 820 926 878 sed
940 819 1015 878 bona
1029 816 1129 893 siquis

238 904 343 968 Judice
357 899 519 961 condiderit
531 901 662 960 laudatus
676 900 801 973 Caesare,
811 900 835 972 si
849 901 912 975 quis

238 982 406 1060 Opprobriis
420 982 539 1058 dignum
553 980 703 1052 latraverit,
717 979 827 1057 integer
840 979 923 1056 ipset
1148 973 1188 1031 85

612 1127 774 1170 recasurus.

239 1216 390 1274 Solventur
403 1211 462 1274 risu
475 1214 597 1285 tabulae;
619 1224 650 1271 tu
664 1214 767 1272 missus
781 1211 879 1270 abibis.

584 1570 744 1629 SATIRA
764 1570 805 1628 11.

239 1692 321 1755 Qua
334 1692 422 1750 virtus
434 1701 465 1748 et
474 1700 590 1764 quanta,
604 1689 683 1760 boni,
697 1690 733 1746 sit
747 1689 839 1748 vivere
853 1709 949 1766 parvo,

239 1770 306 1828 Nec
319 1789 400 1828 meus
411 1769 458 1825 hic
473 1787 565 1825 sermo
574 1778 631 1838 est,
645 1766 696 1824 sed
710 1785 772 1841 quae
786 1768 921 1843 praecepit
933 1767 1044 1826 Ofellus

240 1848 391 1920 Raeticae,
404 1846 546 1904 abnormis
560 1845 672 1920 sapiens
686 1845 836 1920 crassaque
851 1843 992 1920 Minerva,

239 1926 360 1998 Discite,
373 1945 429 1984 non
445 1926 518 1982 inter
531 1919 628 1981 larices
642 1942 809 2000 mensasque
822 1923 955 1997 nitentes,

238 2005 340 2066 Quum
354 2015 446 2079 stupet
460 2004 568 2060 insanis
582 2003 658 2061 acies
672 2002 839 2079 fulgoribus,
852 2014 881 2061 et
893 2021 981 2078 quum
1095 2059 1096 2062 ,
1169 2003 1189 2059 5

238 2083 369 2139 Acclinis
384 2083 460 2140 falsis
474 2083 587 2140 animus
601 2081 718 2138 meliora
732 2092 844 2138 recusat
853 2102 864 2151 ;·
906 2088 908 2092 '
967 2141 973 2150 x

237 2159 347 2220 Verum
361 2159 410 2217 hic
424 2160 558 2235 impransi
573 2176 686 2216 mecum
700 2157 956 2234 disquirite—Cur
970 2160 1088 2218 hocf-

236 2238 351 2311 Dicam,
362 2240 386 2297 si
397 2249 502 2314 potero.
536 2235 614 2294 Male
630 2256 727 2294 verum
741 2238 885 2296 examinat
898 2238 990 2297 curuis

237 2318 395 2393 Corruptus
405 2317 501 2393 judex.
536 2316 676 2392 Leporem
691 2328 826 2388 sectatus,
841 2337 949 2393 equove

237 2397 343 2454 Lassus
357 2396 393 2454 ab
404 2395 552 2466 indomito,
567 2395 647 2465 vel,si
662 2395 796 2453 Romana
811 2396 909 2473 fatigat
1151 2396 1187 2454 10

237 2473 342 2532 Militia
356 2486 500 2532 assuetum
513 2474 641 2550 graecari,
656 2493 707 2530 seu
720 2475 778 2552 pila
792 2475 883 2548 velox,

237 2552 367 2613 Molliter
380 2565 524 2611 austerum
539 2554 632 2610 studio
646 2552 759 2610 fallente
774 2553 909 2627 laborem,

238 2634 297 2690 Seu
310 2644 338 2691 te
352 2633 448 2690 discus
462 2635 535 2708 agit3
557 2644 622 2708 pete
636 2633 786 2691 cedentem
801 2637 869 2692 aera
882 2635 977 2692 disco:

236 2712 336 2773 Quum
350 2713 428 2770 labor
442 2712 582 2770 extuderit
595 2711 716 2784 asadia,
731 2713 835 2785 siccus,
849 2713 953 2784 inanis,

238 2791 348 2864 Sperne
363 2791 458 2846 cibum
474 2790 574 2858 vilem3
596 2789 652 2846 nisi
666 2790 814 2864 Hymettia
827 2791 913 2847 mella
926 2791 1050 2849 Falerno
1150 2791 1187 2848 15

238 2865 286 2923 Ne
301 2866 405 2923 biberis
419 2866 515 2924 diluta.
531 2863 614 2924 Foris
627 2877 670 2923 est
682 2886 807 2942 promus,
822 2880 851 2924 et
865 2879 957 2925 atrum

238 2943 405 3001 Defendens
418 2943 511 3018 pisces
526 2943 631 2999 hiemat
645 2961 740 3014 mare;
762 2963 828 3002 cum
843 2945 902 3003 sale
915 2947 997 3023 panis

238 3023 404 3080 Latrantem
418 3021 594 3078 stomachum
607 3022 679 3078 bene
692 3023 788 3080 leniet.
818 3023 902 3080 Unde
915 3036 1007 3100 putas,
1020 3032 1069 3081 aut

238 3100 301 3164 Qut
316 3099 447 3178 partuml
482 3098 550 3157 Non
565 3098 594 3157 in
609 3119 677 3156 caro
688 3101 787 3158 nidore
802 3101 929 3176 voluptas

238 3183 367 3251 Summa,
382 3179 432 3236 sed
446 3178 476 3236 in
491 3189 519 3236 te
533 3178 594 3253 ipso
608 3189 659 3235 est.
694 3177 742 3234 Tu
756 3177 944 3253 pulmentaria
957 3198 1051 3255 quaere
1149 3178 1187 3238 20

239 3260 393 3317 Sudundo:
413 3258 550 3336 pinguem
566 3258 640 3315 vitiis
654 3257 804 3333 albumque
818 3276 875 3314 nec
889 3269 991 3332 ostrea,

237 3338 302 3397 Nec
316 3358 422 3410 scarus,
437 3348 486 3396 aut
497 3337 600 3413 poterit
613 3331 762 3414 peregrina
772 3337 870 3413 juvare
884 3337 983 3414 lagois.

237 3418 296 3476 vix
308 3428 402 3476 umen
417 3418 546 3494 eripiam,
560 3417 651 3494 posito
664 3436 784 3496 pavone,
799 3416 868 3490 velis
882 3415 951 3492 quin

238 3496 305 3553 Hoc
317 3495 420 3572 potiirs,
434 3495 521 3572 qudm
534 3497 651 3572 gallina,
665 3508 775 3573 tergere
788 3496 923 3572 palatum,

239 3573 397 3649 Corruptus
412 3577 491 3634 vanis
505 3594 616 3645 rerum;
638 3576 704 3652 quia
717 3585 819 3632 veneat
832 3594 901 3633 auro
1147 3576 1187 3634 25

239 3651 319 3710 Rara
332 3653 399 3722 avis,
414 3665 442 3710 et
455 3655 531 3730 picti
545 3656 650 3730 pandat
663 3653 826 3730 spectacula
839 3653 940 3712 caudi.

240 3729 393 3805 Tanquam
407 3733 442 3788 ad
456 3751 517 3790 rem
532 3734 650 3791 attineat
663 3732 824 3808 quidquam.
866 3732 896 3790 N
899 3752 946 3791 um
959 3733 1081 3791 vesceris
1094 3733 1149 3792 istft

239 3808 337 3873 Quam
351 3809 449 3868 laudas
463 3811 579 3888 plumat
601 3822 717 3870 coctove
730 3830 799 3872 num
813 3813 895 3874 adest
908 3813 997 3873 honor
1010 3813 1107 3872 ideml
