2756 4366
505 350 539 406 Q.
556 349 702 400 HORATII
719 349 843 400 FLAcc1

586 571 672 630 ons
691 571 766 652 ιιιι.Ι

534 705 575 746 AD
595 699 821 748 nnmrunlucnur.

337 785 366 866 O
380 791 479 880 ulvis,
493 792 639 867 reserent
631 825 661 864 m
675 803 801 864 merere
810 785 877 866 nevi

338 853 482 944 Fluctus!
494 883 523 942 O
536 885 604 964 quid
618 886 699 962 egisl
719 885 841 944 Fortiter
855 905 965 976 oeeups
1047 951 1049 956 ,

535 955 702 1056 Portump
686 963 847 1178 gppnpe
822 946 901 1064 villes
912 967 946 1023 ιιιι

497 1041 701 1101 Nudumlremr
763 1033 854 1101 letus'

338 1119 376 1180 Et
389 1122 481 1179 malus
495 1122 581 1180 eeleri
595 1122 709 1178 saueius
753 1123 832 1193 frico,

340 1201 539 1275 Antennreque
553 1212 677 1275 gemant,
689 1221 723 1258 ee
737 1201 798 1256 sine
813 1200 927 1256 funibus

536 1278 592 1334 Vix
606 1279 708 1336 durare
722 1278 826 1334 earinae

496 1355 609 1414 Possint
623 1357 801 1432 imperiosius

339 1435 468 1512 AEquorl
488 1433 557 1496 Non
571 1435 620 1492 tibi
634 1447 700 1492 sunt
714 1436 825 1512 integre
837 1435 933 1508 lintea,

340 1515 409 1574 Non
422 1513 452 1572 rli
466 1533 537 1591 quos
551 1515 652 1572 iterum
666 1533 762 1590 pressa
776 1533 859 1572 voees
872 1516 962 1573 malo:

534 1593 676 1654 Quamvis
691 1594 850 1652 Pontice
823 1613 917 1670 pmus,

496 1671 582 1728 Silvae
596 1672 654 1730 lilia
667 1673 779 1746 nobilis,

340 1749 437 1808 lactes
450 1761 479 1807 et
492 1769 583 1824 genus
597 1762 625 1808 et
638 1771 743 1809 nomen
758 1720 865 1808 iirutile.

339 1827 391 1888 Nil
404 1828 488 1906 pictis
501 1827 617 1884 timidus
632 1830 726 1885 navita
738 1829 880 1919 puppibus

536 1905 622 1963 Fidit.
664 1907 722 1979 Tu,
737 1908 791 1964 nisi
806 1907 896 1964 ventis

497 1982 595 2042 Debes
607 1954 770 2057 ludibrium,
785 2003 861 2042 uere.

339 2062 440 2140 Nuper
453 2063 605 2122 sollicitum
619 2083 681 2139 que
696 2031 770 2122 mihi
779 2065 904 2136 taedium,

340 2141 429 2200 Nune
442 2141 623 2210 desiderium,
638 2161 761 2216 curaque
775 2162 833 2199 non
846 2142 925 2213 levis,

537 2217 680 2274 Interfuse
693 2221 816 2275 nitentes
917 2247 921 2258 ·

497 2296 578 2358 Vites
592 2315 705 2370 aequore
718 2295 867 2372 cycladas.

575 2611 660 2670 ODE
684 2611 773 2672 XIII.

374 2749 469 2790 NEREI
482 2749 662 2789 vn'rlcmlum
675 2751 715 2788 m:
730 2750 854 2789 nxcmlo
867 2749 977 2788 TROJAE.

339 2825 461 2908 Pieros
473 2867 560 2924 quum
575 2837 697 2908 tisberet
709 2869 759 2925 per
775 2838 845 2907 freta
856 2833 978 2908 neiibus

339 2925 426 2984 Ideis
440 2924 572 2985 Helenen
586 2927 710 3004 perfidus
724 2928 874 3017 bospitam‚

340 3003 456 3082 Ingrato
467 3006 574 3064 celeres
587 3007 680 3063 obruit
692 3007 750 3064 otio

497 3085 616 3170 Ventus,
630 3095 662 3141 ut
675 3096 790 3145 caneret
803 3083 862 3143 sere

339 3161 453 3222 Nereus
466 3163 567 3220 fete:‘
571 3128 670 3220 ‘Mala
683 3162 765 3221 dueis
779 3165 822 3222 evi
837 3165 963 3238 domum,

339 3241 437 3304 Quem
452 3242 541 3300 multo
561 3253 669 3318 repetet
682 3243 794 3301 Groeeie
808 3245 906 3315 milite,

339 3319 494 3396 Conjurnta
507 3331 570 3378 tuas
583 3339 713 3396 rumpere
727 3323 848 3396 nuptias,

497 3399 534 3455 Et
548 3417 667 3488 regnum
681 3399 786 3455 Priami
800 3409 888 3456 vetus.

338 3475 439 3536 Eheu!
459 3487 581 3555 quantus
594 3477 683 3552 equis,
697 3488 819 3551 quantus
833 3478 951 3535 adest
926 3477 992 3536 vrris

341 3554 450 3612 Sudori
471 3567 576 3630 quante
589 3575 684 3614 moves
699 3556 798 3614 funere
811 3556 953 3614 Dardanae

339 3631 442 3689 Genti!
483 3633 547 3693 Jsm
562 3636 671 3711 galeam
686 3635 789 3708 Pelles,
803 3648 832 3694 et
846 3636 947 3710 aegide,

352 3727 356 3737 ’
498 3713 671 3788 Currusque,
685 3725 714 3772 et
727 3682 844 3784 rabiem,
858 3724 945 3788 peret.

340 3787 551 3866 Nequidquam,
565 3791 688 3850 Veneris
700 3791 830 3867 presidio
844 3789 931 3866 seror,

340 3867 441 3931 Pestes
454 3867 609 3944 cesariem,
623 3880 758 3949 grateque
771 3870 894 3932 feminis
