2706 4362
506 363 537 421 Q.
556 361 700 414 HORATII
718 361 842 410 FLAccl

350 505 454 569 Qualis
468 499 621 581 Ly'oumbae
636 515 746 582 spretus
760 504 849 561 Infido
862 521 961 580 gener,

510 585 568 642 Aut
582 603 648 640 acer
662 583 750 642 hostis
764 581 881 657 Bupalo.

350 665 410 736 An,
424 663 448 720 si
462 663 525 738 quis
539 673 599 720 atro
612 663 698 719 dente
713 681 758 718 me
772 661 911 736 petiverit,

455 762 458 766 ·
508 741 621 798 inultus
635 751 666 798 ut
680 741 753 797 flebo
766 741 858 816 pueri

538 923 834 941 m

600 1054 684 1114 ODE
704 1053 773 1112 VII.

493 1194 534 1233 An
555 1193 695 1233 POPULUM
715 1191 875 1232 trostANUM.

349 1291 432 1368 Quo,
445 1289 502 1369 qud
517 1293 629 1350 scelesti
643 1292 745 1350 ruitisi
766 1302 815 1350 aut
828 1310 880 1348 our
890 1292 1015 1351 dexteris

510 1373 652 1446 Aptantur
666 1391 749 1430 enses
763 1371 892 1428 conditi?

349 1451 493 1510 Parumne
507 1451 616 1526 campis
630 1462 713 1526 atque
727 1450 864 1526 Neptuno
878 1469 963 1525 super

508 1528 617 1586 Fusum
631 1542 675 1588 est
688 1529 784 1587 Latini
798 1529 967 1606 sanguinis?

349 1607 418 1666 Non
432 1619 464 1665 ut
477 1609 612 1684 superbas
627 1609 729 1666 invidae
741 1608 925 1684 Carthaginis

508 1687 659 1745 Romanus
673 1706 753 1746 arces
767 1697 870 1759 ureret,

351 1764 480 1823 Intentus
494 1774 543 1820 eut
557 1765 711 1820 Britannus
725 1773 756 1820 u't
769 1766 958 1820 descenderet

510 1842 600 1899 Secti
612 1853 763 1900 catenatus
777 1841 822 1898 viti
834 1862 841 1911 ;

351 1922 410 1979 Sed
424 1932 464 1992 ut,
479 1921 638 1977 secundum
653 1932 717 1978 vote
731 1921 909 1993 Parthorum,
923 1921 975 1978 sud

507 1998 583 2056 Urbs
597 2001 659 2056 haeo
673 2001 778 2076 periret
791 2000 915 2057 dexteri.

296 2093 308 2102 “
350 2077 453 2155 Neque
467 2078 515 2138 hio
528 2078 602 2154 iupis
616 2099 686 2151 mos,
700 2099 755 2136 neo
769 2078 821 2137 suit
835 2079 974 2151 leonibus,

505 2156 662 2233 Nunquam
677 2158 731 2214 nisi
746 2159 775 2216 in
791 2159 885 2232 disper
900 2157 974 2215 feris.

352 2235 481 2294 Furorue
495 2254 599 2308 omens,
614 2257 649 2294 nn
664 2237 736 2312 rapit
750 2237 791 2293 vis
805 2236 915 2292 seriori

510 2315 558 2371 An
572 2315 675 2392 oulpei
696 2334 861 2391 responsum
876 2315 949 2373 date.

351 2393 467 2452 Tenent
475 2414 483 2464 ;
504 2405 533 2451 et
544 2413 594 2452 ora
608 2395 695 2470 pallor
709 2395 790 2452 nibus
804 2393 903 2466 inficit,

414 2471 423 2486 ⁸
510 2471 679 2552 Montesque
693 2473 831 2550 perculsae
845 2484 967 2549 stupent.

352 2552 403 2610 Sic
416 2562 473 2609 est:
495 2553 598 2609 acerbe
612 2554 669 2610 sete
682 2553 831 2611 Romanos
842 2563 939 2628 agunt,

509 2629 666 2705 Scelusque
680 2630 810 2687 fraternae
826 2631 915 2701 neeis,

350 2707 390 2768 Ut
403 2708 578 2766 immerentis
592 2707 672 2766 fluxit
685 2709 714 2766 in
728 2719 832 2765 terram
846 2707 935 2764 Remi

508 2787 597 2846 Seoer
610 2787 759 2866 nepotibus
773 2805 864 2845 eruor.

593 3100 678 3159 ODE
698 3102 784 3160 VIII.

555 3241 596 3280 An
616 3240 825 3282 MAEGENA'I'EM·

348 3343 485 3406 Qunnno
498 3338 642 3416 repdstum
657 3341 817 3398 Caeeubum
831 3341 867 3398 ed
881 3341 966 3399 festus
979 3341 1077 3417 depes,

508 3419 624 3477 Victore
638 3419 720 3476 laetus
734 3419 857 3492 Caesare,

350 3500 464 3559 Tecum
479 3499 532 3557 sub
546 3498 613 3570 alti,
628 3498 670 3555 sie
684 3497 749 3556 Jovi
762 3511 885 3576 gratum,
900 3500 995 3572 domo,

509 3578 596 3636 Beate
612 3576 767 3649 Maecenas,
782 3579 887 3649 bibam,
999 3575 1001 3581 '

352 3658 478 3714 Soname
492 3658 612 3714 mixtum
626 3657 704 3714 tibiis
718 3675 833 3713 carmen
845 3656 915 3730 lyrd,
1064 3727 1070 3732 Ι

389 3733 394 3740 “
510 3735 577 3792 Hie
591 3735 720 3806 Dorium,
735 3734 790 3792 illis
804 3733 976 3805 Barbarum3

351 3812 390 3873 Ut
403 3832 503 3892 nuper,
518 3825 600 3871 uetus
613 3833 700 3889 quum
715 3813 786 3872 freto
799 3811 964 3888 Neptunius

1143 2397 1179 2455 ¹⁵

1141 2788 1180 2846 20
