2706 4362
479 360 726 411 EPISTOLARUM
742 362 808 410 LIB.
827 363 847 410 Ι.
865 365 888 411 2.

548 581 752 639 EPISTOLA
773 581 813 638 II.

586 719 625 756 AD
641 718 772 758 LOLLIUM

226 820 364 878 Tnorsru
378 819 446 876 belli
460 818 635 893 scriptorem,
649 819 772 880 maxime
786 818 869 891 Lolli,

227 900 305 957 Dum
319 910 351 955 tu
364 898 509 956 declamas
523 897 635 968 Rome,
647 896 793 954 Praeneste
807 899 894 974 relegi
906 919 913 967 ;

226 979 299 1049 Qui,
312 977 380 1052 quid
392 977 428 1034 sit
437 975 598 1051 pulchrum,
613 975 681 1050 quid
694 987 785 1049 turpe,
800 978 866 1051 quid
882 978 960 1050 utile,
974 980 1042 1054 quid
1056 1000 1125 1054 non,

227 1055 345 1113 Planius
359 1073 394 1110 nc
408 1054 510 1111 melitis
524 1054 682 1128 Chrysippo
695 1066 724 1110 et
737 1054 876 1114 Crantore
890 1057 967 1114 dicit.

228 1135 287 1192 Cur
302 1135 341 1192 ita
354 1133 533 1203 crediderim,
549 1133 603 1189 nisi
617 1133 685 1207 quid
699 1143 727 1188 te
741 1133 858 1205 detinet,
873 1135 948 1192 audi.
1155 1141 1175 1197 5

266 1212 385 1283 Fabula,
400 1214 455 1287 qurl
470 1211 580 1269 Paridis
593 1222 705 1290 propter
719 1222 848 1269 narratur
862 1207 986 1272 emorern

226 1293 338 1350 Grecis
351 1291 487 1348 barbarior
501 1290 578 1347 lento
592 1287 689 1347 collisa
702 1290 806 1361 duello,

227 1373 382 1430 Stultorum
396 1389 496 1446 regum
509 1379 538 1426 et
552 1370 719 1445 populorum
734 1370 862 1428 continet
876 1381 968 1430 estus.

226 1453 356 1508 Antenor
370 1461 468 1506 censet
479 1449 546 1506 belli
560 1448 713 1524 precidere
727 1467 851 1505 causam.

224 1530 307 1592 Quid
321 1527 422 1586 Purisl
444 1539 476 1584 ut
489 1527 581 1584 salvus
594 1538 694 1602 regnet
707 1528 834 1602 vivatque
849 1529 958 1601 beatus,
1139 1531 1176 1588 10

225 1609 300 1682 Cogi
313 1625 395 1682 posse
409 1616 502 1682 negat.
544 1605 649 1662 Nestor
662 1623 832 1681 componere
846 1606 921 1663 lites·

130 1715 144 1732 s
227 1687 306 1742 Inter
321 1685 438 1741 Peliden
453 1684 567 1740 festinat
578 1696 607 1740 et
620 1685 694 1740 inter
708 1683 847 1741 Atriden:

228 1764 317 1820 Hunc
331 1780 419 1831 amor,
433 1763 474 1816 ira
487 1762 601 1834 quidem
615 1763 802 1818 communiter
816 1763 872 1818 urit
886 1773 1043 1837 utrumque.

226 1840 378 1914 Quidquid
393 1838 513 1894 delirant
527 1857 618 1912 reges,
631 1839 794 1913 plectuntur
809 1839 922 1895 Achivi.
937 1909 938 1914 ἵ

228 1918 385 1989 Seditioue,
399 1917 480 1988 dolis,
495 1917 612 1987 scelere,
626 1928 709 1991 etque
723 1915 841 1973 libidine
854 1929 883 1974 et
897 1918 949 1990 irt,
1140 1921 1176 1977 15

226 1998 331 2055 Iliacos
345 1997 418 2053 intra
431 2013 526 2052 muros
535 2006 674 2070 ‘peccatur
687 2003 716 2051 et
728 2007 816 2051 extra.
915 2047 919 2056 ,

267 2076 389 2145 Rursus,
403 2075 471 2149 quid
485 2073 572 2130 virtus
587 2084 615 2130 et
629 2074 697 2148 quid
711 2074 849 2148 sapientia
861 2075 958 2149 possit,

225 2153 301 2212 Utile
315 2153 458 2228 proposuit
471 2152 554 2209 nobis
565 2153 709 2226 exemplar
724 2152 869 2226 Ulyssem;

224 2232 297 2303 Qui,
311 2231 430 2288 domitor
444 2228 552 2304 Trojae,
566 2231 719 2286 multorum
733 2231 865 2304 providus
879 2232 963 2288 urbes

226 2311 264 2368 Et
277 2327 370 2367 mores
384 2308 531 2366 hominurn
545 2307 683 2384 inspexit3
705 2308 848 2382 latumque
862 2329 911 2384 per
927 2327 1029 2384 equor,
1133 2312 1173 2370 2⁰

225 2389 303 2446 Durn
317 2388 381 2462 sibi,
392 2389 460 2444 dum
471 2387 556 2444 sociis
569 2387 691 2443 reditum
706 2398 795 2461 parat,
810 2406 908 2462 aspera
921 2389 1010 2446 multe

224 2467 353 2537 Pertulit,
368 2465 491 2523 adversis
505 2484 599 2521 rerum
613 2465 810 2521 immersabilis
824 2467 916 2524 undis.

225 2546 359 2602 Sirenum
373 2563 457 2602 voees
470 2555 499 2601 et
512 2543 606 2601 Circe
620 2543 722 2618 pocula
737 2542 828 2612 ndsti;

223 2625 300 2687 Qure
314 2623 338 2680 si
352 2642 418 2679 curn
432 2623 517 2680 sociis
531 2623 634 2680 stultus
648 2623 823 2698 cupidusque
838 2624 963 2698 bibisset,

225 2703 285 2760 Sub
299 2702 415 2759 dominil
428 2702 576 2759 meretrice
591 2701 689 2758 fuisset
702 2703 792 2776 turpis
804 2714 834 2759 et
846 2718 955 2775 excors,

224 2781 349 2837 Vixisset
362 2781 443 2837 cenis
456 2781 630 2851 immundus,
646 2780 689 2836 vel
703 2781 796 2837 amica
809 2781 934 2838 lutosus.

264 2857 327 2915 Nos
341 2877 476 2915 numerus
490 2876 597 2927 sumus,
611 2869 641 2912 et
654 2858 749 2932 fruges
762 2875 929 2916 consumere
943 2859 1012 2929 nuti,

226 2937 329 3010 Sponsi
343 2933 502 3009 Penelope,
516 2935 683 3004 nebulones,
699 2935 869 3009 Alcinoique

225 3014 260 3070 In
271 3025 337 3070 cute
351 3012 478 3070 curandis
491 3012 554 3087 plus
569 3029 648 3084 aequo
660 3025 775 3085 operate
785 3014 918 3087 juventus
929 3035 936 3082 ;

224 3093 281 3151 Oui
295 3093 446 3168 pulchrum
460 3089 512 3146 fuit
526 3089 555 3146 in
569 3090 679 3145 medios
693 3091 815 3147 dormire
829 3092 899 3162 dies,
913 3102 943 3147 et

224 3173 273 3229 Ad
287 3171 434 3246 strepitum
448 3167 563 3224 cithsrae
578 3177 719 3224 cessatum
733 3169 838 3225 ducere
852 3187 958 3225 curam.

224 3251 264 3309 Ut
273 3251 406 3328 jugulent
421 3247 575 3318 hominem,
591 3256 711 3322 surgunt
724 3248 760 3304 de
775 3257 858 3304 nocte
871 3246 1013 3304 latrones:

224 3330 263 3388 Ut
275 3331 397 3405 teipsum
411 3345 515 3398 serves,
530 3345 587 3383 non
601 3325 825 3402 expergiscerisl
847 3326 936 3401 Atqui

225 3409 257 3466 Si
271 3409 351 3465 noles
364 3425 459 3479 senus,
475 3425 572 3463 curres
586 3406 773 3481 hydropicus:
794 3416 833 3477 et,
847 3406 878 3462 ni

225 3487 330 3543 Posoes
344 3498 408 3544 ante
423 3487 499 3542 diem
512 3485 616 3543 librum
627 3503 694 3542 cum
707 3485 825 3555 lumine,
837 3481 864 3540 si
878 3501 935 3542 uon

226 3564 362 3622 Intendes
376 3566 501 3622 animum
515 3565 616 3621 studiis
629 3575 658 3620 et
671 3565 756 3620 rebus
770 3563 895 3620 honestis
903 3583 910 3632 ;

225 3642 337 3699 Invidit
351 3643 392 3699 vel
408 3661 502 3700 amore
515 3643 583 3718 vigil
597 3643 771 3716 torquebere.
812 3640 888 3699 Nem
902 3660 963 3712 cur,

224 3721 301 3782 Quae
314 3721 421 3777 laedunt
430 3721 555 3793 oculum,
571 3720 688 3777 festinas
702 3721 834 3790 demere3
856 3721 879 3778 si
893 3721 961 3796 quid

224 3799 277 3856 Est
291 3800 427 3869 animum,
442 3798 537 3856 differs
550 3799 671 3856 curandi
684 3810 795 3874 tempus
809 3799 839 3856 in
853 3802 980 3857 sunuml

223 3878 382 3938 Dimidium
396 3877 473 3951 secti,
487 3877 535 3952 qui
548 3878 644 3954 ooepit,
658 3878 761 3936 hebet:
782 3898 879 3956 supere
893 3880 986 3951 sude3
