2706 4362
507 344 540 402 Q.
557 339 704 392 nouerit
720 337 845 390 sunuel

434 567 442 584 ·
545 563 705 624 stirne
725 561 811 622 vnr.
834 529 861 636 J

224 730 308 787 Ouru
321 739 440 786 uuncus
453 745 532 784 eram
545 717 678 797 ficulnus,
691 721 793 781 inutile
805 723 927 800 lignum,

223 808 326 884 Quum
340 808 428 878 faber,
442 807 568 864 incertus
582 815 729 861 scamnum
745 803 888 860 faceretne
901 800 1045 878 Priapum,

225 885 329 946 Maluit
342 905 404 944 esse
418 887 512 943 deum.
547 882 628 940 Deus
642 879 710 940 inde
725 899 789 957 ego,
804 881 898 938 tinum
912 881 1061 956 aviumque
1107 901 1109 910 ¹

225 964 353 1024 Maxima
366 965 502 1024 formido:
523 981 590 1019 narn
604 961 681 1018 fures
694 961 793 1017 dextra
807 963 931 1033 coercet,
1051 987 1054 994 Δ

224 1047 281 1103 Ast
294 1046 470 1120 importunas
483 1042 611 1100 volucres
624 1039 774 1098 invertice
788 1039 898 1097 arundo
1154 1039 1175 1096 ὅ

225 1121 407 1196 Tenelium,
422 1131 552 1196 vetatque
565 1120 646 1178 novis
659 1119 807 1178 considere
815 1118 846 1176 in
860 1117 956 1176 bortis.

225 1202 294 1260 Huc
307 1199 386 1279 priris
400 1201 529 1277 angustis
542 1200 635 1276 ejecta
648 1200 787 1256 cadavera
799 1197 880 1256 cellis

225 1281 388 1340 conservus
401 1281 449 1338 vili
462 1279 600 1356 portanda
613 1278 725 1337 locabat
737 1279 768 1336 in
782 1278 857 1336 arci.

185 1359 188 1364 ’
225 1359 292 1420 Hoc
304 1362 414 1418 misene
427 1359 504 1437 plebi
518 1359 610 1417 stabat
622 1376 775 1420 commune
787 1356 959 1434 sepulcrum,

225 1439 381 1499 Pantolabo
393 1457 509 1518 scurrae²
523 1437 763 1518 Nomentanoque
776 1436 905 1514 nepoti„
1137 1434 1175 1492 10

224 1517 306 1576 Mille
318 1520 406 1597 pedes
417 1519 447 1577 in
462 1519 563 1592 fronte,
577 1528 719 1576 trecentos
729 1517 829 1594 cippus
843 1516 872 1574 in
887 1533 988 1592 ugrum

224 1597 284 1656 Hic
297 1599 399 1668 dabat;
421 1599 548 1657 heredes
562 1607 778 1656 monumentum
792 1615 829 1653 ne
843 1602 1014 1670 sequeretur.

223 1676 312 1736 Nunc
325 1679 394 1736 licet
407 1675 541 1752 Esquiliis
554 1678 681 1736 habitare
695 1675 865 1747 salubribus,
875 1685 959 1749 atque

225 1756 341 1833 Aggere
355 1758 386 1814 in
399 1758 496 1834 aprico
508 1758 632 1834 spatiari,
646 1776 702 1832 quo
716 1751 801 1814 modo
816 1754 910 1812 tristes

224 1835 308 1893 Albis
321 1837 472 1894 informem
485 1837 653 1913 spectabant
664 1835 778 1910 essibus
788 1849 896 1910 agrum.
1136 1829 1174 1886 15

223 1914 326 1976 Quum
339 1917 410 1974 mihi
423 1936 481 1974 non
495 1915 607 1974 tantiam
621 1916 762 1990 furesque,
777 1913 900 1988 seraeque
913 1913 1002 1968 sueta

224 1991 313 2052 Hunc
327 2014 428 2054 vexare
442 1995 547 2068 locum,
561 2013 637 2052 curte
651 2007 718 2053 sunt
731 2005 815 2068 atque
828 1991 926 2064 labori,

223 2071 376 2133 Quantum
389 2074 564 2132 carminibus
576 2093 639 2149 quae
653 2083 765 2130 versant
779 2083 863 2147 utque
876 2069 994 2128 venenis
1015 2144 1017 2149 Ι

223 2147 374 2210 Humanas
388 2154 513 2210 animos:
534 2154 585 2210 has
599 2148 678 2210 nullo
689 2152 808 2228 perdere
821 2168 937 2226 possum

223 2225 290 2286 Nec
303 2230 452 2306 prohibere
466 2232 559 2302 modo,
574 2231 657 2286 simul
671 2249 711 2300 ac·
720 2248 792 2305 vaga
804 2230 873 2288 luna
886 2230 1022 2289 decorum
1045 2279 1047 2288 ,
1132 2225 1174 2284 20

223 2305 341 2365 Protulit
353 2328 395 2381 os,
409 2309 478 2385 quin
491 2327 556 2368 ossa
568 2309 674 2385 legant,
689 2309 846 2384 herbasque
859 2317 1006 2368 nocentes.

262 2385 330 2444 Vidi
344 2399 457 2465 egomet
470 2389 552 2464 nigrai
566 2389 743 2446 succinctam
757 2389 859 2446 vadere
872 2387 948 2465 palla

119 2459 125 2464 ’
138 2451 142 2462 ’
223 2464 386 2540 Canidiam,
400 2468 520 2544 pedibus
533 2468 619 2526 nudis
632 2488 770 2545 passoque
783 2467 896 2544 capillo,

223 2545 298 2602 Cum
313 2547 428 2622 Sagand
441 2547 547 2623 majore
561 2548 718 2606 ululantem
730 2567 736 2617 ;
759 2547 847 2624 pellor
860 2558 994 2620 utrasque

222 2622 343 2683 Fecerat
356 2627 511 2684 horrendas
524 2639 649 2702 aspectu.
685 2628 820 2703 Scalpere
834 2636 938 2682 terram
1132 2620 1174 2678 25

221 2701 384 2782 Unguibus,
398 2717 427 2762 et
439 2705 543 2781 pullam
559 2706 691 2764 divellere
705 2701 850 2764 mordiciis
861 2721 965 2780 agnam

221 2781 395 2860 Coeperunt:
417 2803 500 2842 cruor
514 2786 543 2844 in
560 2786 663 2844 fessam
677 2784 823 2856 confusus,
837 2794 869 2840 ut
883 2780 952 2841 inde

223 2865 325 2924 Manes
338 2865 485 2938 elicerent,
500 2865 610 2922 animas
623 2883 758 2942 responsa
770 2865 896 2922 daturas.

222 2945 320 3004 Lance
332 2955 362 3002 et
374 2944 483 3020 effigies
496 2956 568 3016 eret,
583 2945 671 3002 altera
684 2963 785 3013 cerea3
807 2943 896 3020 major

221 3024 329 3096 huet,
343 3043 405 3098 quae
419 3024 511 3100 poenis
525 3035 719 3099 compesceret
733 3023 904 3082 inferiorern.
1132 3019 1172 3078 30

222 3103 315 3162 Cerea
329 3103 491 3179 suppliciter
506 3104 606 3175 stabat,
621 3103 778 3176 servilibus,
793 3113 879 3177 utque

221 3183 287 3242 Jam
300 3184 434 3260 peritura,
448 3183 548 3250 modis.
584 3183 715 3240 Hecaten
729 3193 810 3240 vocat
824 3181 913 3240 altera
926 3199 1040 3255 seram,

222 3263 322 3320 Altera
335 3261 532 3338 Tisiphonen:
553 3273 699 3338 serpentes
713 3272 796 3336 atque
809 3261 920 3319 videres

222 3341 354 3399 Infernas
367 3361 460 3398 errare
475 3361 578 3411 canes;
600 3341 752 3415 lunamque
763 3341 924 3414 rubentem,
1041 3395 1044 3402 ,

221 3418 269 3476 Ne
283 3421 354 3478 soret
367 3421 411 3478 his
424 3421 514 3492 testis,
526 3431 590 3495 post
603 3439 707 3496 magna
720 3419 807 3478 latere
821 3421 960 3496 sepulcra.
1132 3416 1172 3476 35

223 3495 347 3556 Mentior
361 3510 389 3557 at
403 3501 426 3557 si
440 3500 518 3575 quid,
533 3499 637 3556 merdis
650 3510 736 3575 caput
749 3500 880 3575 inquiner
895 3500 966 3559 albis

223 3575 396 3646 Oorvorum3
418 3590 501 3654 atque
516 3580 546 3636 in
557 3598 603 3636 nre
617 3579 733 3636 venient
747 3579 866 3637 mictum
881 3591 965 3654 atque
978 3589 1110 3636 cacatum

224 3651 319 3712 Julius
331 3667 361 3712 et
374 3656 479 3733 fragilis
493 3658 622 3716 Pediatia
636 3659 734 3733 surque
749 3658 890 3716 Vorenus.

223 3733 345 3815 ¹Singula
357 3735 424 3810 quid
438 3739 613 3796 memorem?
633 3756 689 3812 quo
702 3747 785 3812 pacto
795 3737 905 3794 alterne
917 3736 1065 3812 loquentes

226 3810 338 3869 Umbra
352 3830 417 3869 cum
432 3815 547 3888 Sagana
561 3817 722 3874 resonarint
734 3816 812 3874 triste
825 3827 855 3873 et
868 3827 1003 3887 acutum;
1132 3817 1173 3876 40

226 3888 317 3966 thue
331 3889 390 3963 lupi
403 3889 519 3948 barbam
533 3895 617 3952 variae
630 3913 697 3951 curn
711 3897 797 3953 dente
810 3895 934 3956 colubrae
