2706 4362
486 361 692 410 sarmitum
712 363 777 410 mu.
795 364 817 410 1.
834 365 859 411 6.
921 432 923 441 γ
1111 372 1168 432 lffi
1259 322 1267 333 Ι

217 506 349 583 Namque
362 515 405 564 est
418 506 475 580 ille,
488 515 570 581 pater
583 505 658 581 quod
672 517 733 562 erat
746 506 943 566 meus-llos
956 508 1008 566 tibi
1023 509 1128 570 Paulus

217 585 256 643 Et
269 585 393 643 Messala
406 585 531 642 riderisl
571 584 612 642 At
626 585 683 656 hio,
697 584 721 641 si
734 585 859 660 plaustra
872 587 1005 660 ducenta,

217 663 452 740 concurrantque
467 665 527 723 foro
539 664 594 720 tria
607 664 716 735 lunera,
730 683 835 740 magna
848 666 968 738 sonabit,

217 744 334 801 Cornua
346 740 422 819 quod
437 744 586 818 vincatque
600 743 703 800 tubas:
724 743 823 801 saltem
836 753 916 804 tanet
930 747 984 804 hoo
998 766 1058 805 nos.

256 818 345 880 Nunc
359 824 395 880 ad
410 841 457 879 me
470 824 566 894 redeo,
580 822 714 880 libertino
725 833 804 898 patra
818 838 936 882 natum:
1127 829 1167 886 45

216 901 316 964 Quem
329 903 434 960 rodunt
446 919 547 959 omnes
560 901 694 960 libertino
705 914 783 977 patre
798 914 916 973 uatum

217 980 247 1039 N
249 1000 316 1053 nno,
330 981 407 1056 quia,
421 979 577 1053 Maecenas,
590 981 641 1038 tibi
656 1000 719 1038 sum
733 983 896 1053 oonviotor3
916 993 945 1040 at
957 983 1035 1058 olim,

217 1057 309 1122 Qudd
323 1061 393 1118 mihi
406 1071 518 1136 pareret
531 1059 606 1138 legio
619 1059 753 1118 Romana
766 1061 888 1120 tribuno.

218 1137 365 1222 Dissime
378 1140 434 1196 hoo
448 1139 488 1197 illi
502 1149 561 1196 est:
582 1139 650 1214 quia
663 1159 731 1212 non,
746 1152 778 1196 ut
791 1140 869 1217 torsit
883 1141 1018 1200 honorem

217 1217 237 1275 J
239 1237 288 1276 ure
301 1218 371 1276 milri
385 1218 512 1276 invideat
523 1217 625 1294 quivis,
639 1219 679 1275 ita
692 1229 721 1276 ta
733 1237 846 1296 quoque
859 1219 1000 1294 amioum

217 1297 377 1357 Praesertim
391 1308 508 1362 sautum
521 1298 623 1374 dignos
637 1316 791 1370 assumere,
805 1299 892 1373 praed

218 1376 384 1437 Ambitione
397 1377 505 1454 procul.
547 1376 676 1435 Felioem
689 1376 787 1435 dioere
800 1397 859 1436 non
874 1379 929 1436 hoo
968 1398 971 1406 ’

125 1493 135 1510 .
218 1454 268 1514 Me
280 1476 406 1533 possum,
420 1475 490 1514 oasu
503 1453 579 1531 qudd
593 1468 622 1514 ta
636 1457 750 1515 sortitus
763 1457 908 1528 amioum3

217 1534 306 1594 Nulla
319 1537 425 1594 etenim
439 1535 492 1592 tibi
506 1553 552 1592 me
566 1536 622 1594 fors
635 1536 754 1594 obtulit:
775 1537 900 1612 optimus
912 1537 981 1596 olim

216 1615 365 1691 Virgilius,
379 1626 442 1691 post
452 1617 531 1672 huno
544 1614 659 1686 Varius,
673 1613 772 1673 dixdre
785 1617 854 1691 quid
867 1622 969 1676 assam.

217 1692 257 1751 Ut
269 1694 336 1751 reni
349 1693 456 1764 soram,
470 1693 617 1768 singultim
629 1711 723 1768 panos
735 1694 858 1766 locutus,

218 1771 321 1842 Infans
334 1789 457 1845 namque
469 1771 561 1846 pudor
574 1771 741 1847 prohibebat
753 1772 836 1846 plura
848 1773 962 1848 profari,

215 1849 288 1908 Non
301 1868 356 1926 ego
370 1869 416 1906 ma
430 1850 507 1906 olaro
520 1859 618 1906 uatum
631 1859 722 1924 patre,
736 1868 793 1907 non
807 1868 862 1926 ago
875 1849 984 1909 oireum

219 1927 270 1986 Me
285 1928 454 1986 Satureiano
466 1929 573 1985 vasmri
587 1945 653 1985 rura
666 1927 785 2000 caballo,

219 2007 287 2078 Sed,
302 2008 377 2082 quod
390 2026 478 2078 aram,
493 2025 585 2063 narro.
626 2006 808 2080 Respondes,
822 2017 855 2064 ut
867 2019 934 2066 tuus
947 2018 991 2066 est
1003 2027 1075 2081 mos,

199 2099 201 2106 “
217 2085 332 2144 Pauca:
353 2087 441 2155 abeo;
462 2096 492 2142 et
504 2103 620 2142 revooas
634 2103 711 2143 nono
723 2081 789 2159 pdst
799 2102 908 2157 mense,
919 2085 1058 2166 jubesque

216 2163 289 2222 Essa
302 2167 332 2222 iu
347 2165 504 2222 amisorum
518 2182 645 2222 numero.
687 2161 829 2240 Magnum
843 2164 898 2222 hoo
911 2185 966 2242 ogo
978 2167 1064 2240 duoo,

215 2241 307 2306 Quod
320 2244 416 2320 placui
429 2243 490 2315 tibi,
504 2242 552 2318 qui
565 2241 641 2318 turpi
655 2243 782 2300 secernis
796 2244 957 2317 honestum,

217 2321 285 2380 Non
298 2322 536 2398 petrammalam,
550 2322 601 2379 sed
615 2321 672 2378 vita
686 2332 715 2379 et
728 2332 843 2397 pectore
857 2341 935 2398 puro.

256 2401 356 2478 Atqui,
371 2400 395 2458 si
409 2401 484 2458 vitiis
497 2401 689 2458 mediocribus
703 2419 738 2457 ao
751 2419 815 2458 maa
828 2403 927 2477 paneis

216 2478 357 2539 Mandosa
370 2491 414 2537 est
426 2491 538 2551 natura,
552 2478 655 2554 alioqui
669 2488 758 2550 reota,
772 2478 848 2536 velut
860 2480 884 2536 si

216 2557 341 2635 Egregie
354 2559 496 2635 inspersos
506 2557 662 2634 reprdndas
675 2575 793 2632 oorpora
807 2575 915 2628 naros;
994 2553 997 2560 ’

217 2639 248 2696 Si
262 2657 353 2716 neque
368 2638 522 2709 avaritiam,
536 2655 629 2713 neque
642 2637 749 2708 sordes,
763 2655 819 2694 neo
833 2638 907 2694 mala
919 2638 1018 2710 lustra,

215 2717 342 2793 Objioiat
354 2715 421 2774 verd
434 2717 582 2792 quisquam
596 2715 683 2784 mihi;
703 2733 791 2790 purus
799 2714 830 2780 ,et
843 2716 940 2775 insons

218 2793 271 2870 (Ut
284 2814 330 2852 me
343 2795 519 2883 collaudem)
534 2795 558 2852 si
572 2795 644 2864 rivo,
657 2803 687 2849 et
701 2811 786 2850 sarus
800 2795 915 2852 amieis:

217 2875 313 2932 Causa
326 2873 379 2928 tuit
388 2884 468 2946 pater
482 2873 537 2942 his,
551 2871 600 2945 qui
614 2888 712 2926 mauro
725 2889 831 2944 pauper
844 2873 936 2947 agello

187 3011 189 3016 ,
217 2950 319 3011 Noluit
333 2950 363 3006 in
378 2948 460 3007 Flavi
473 2948 573 3005 ludum
587 2965 633 3004 me
647 2947 769 3019 mittere,
784 2951 884 3028 magni

216 3029 288 3093 Qud
302 3029 384 3107 pueri
397 3027 509 3104 magnis
523 3044 540 3082 a
553 3025 768 3084 oenturionibus
780 3028 845 3099 orti,

216 3110 302 3168 Laevo
315 3106 447 3184 suspensi
460 3104 569 3164 loculos
581 3102 762 3177 tabulamque
775 3104 892 3176 laoerto,

216 3190 302 3248 Ibant
311 3187 423 3248 octonis
436 3184 591 3243 reserentes
605 3182 699 3240 idibus
713 3200 776 3240 ara.

217 3271 274 3328 Sed
288 3287 408 3346 puerum
422 3275 465 3322 ast
478 3281 565 3322 ausus
578 3261 702 3322 Romam
716 3271 837 3338 portare,
849 3263 1011 3320 dooendum

217 3351 303 3410 Artes
316 3367 387 3426 quas
400 3346 504 3403 donant
516 3343 607 3419 quiris
620 3359 708 3428 equas
722 3352 805 3416 atque
819 3352 933 3400 senator

217 3429 315 3486 Samot
327 3435 499 3503 prognatos:
519 3434 627 3480 vestem
640 3436 790 3497 sartosque
804 3432 957 3497 sequentes
990 3462 993 3474 .

217 3507 253 3564 In
267 3524 370 3581 magno
383 3503 415 3561 ul
427 3503 532 3580 populo
545 3503 569 3561 si
582 3502 645 3578 quis
660 3501 784 3572 vidisset,
798 3499 873 3558 avitd

217 3584 262 3643 Ex
275 3603 305 3641 re
318 3583 437 3659 praeberi
451 3593 580 3659 sumptus
594 3581 664 3640 milri
678 3580 807 3638 crederet
821 3579 890 3638 illos.
1002 3619 1009 3628 „

217 3664 283 3740 lpse
297 3663 365 3720 milri
381 3673 476 3720 custos
489 3659 750 3737 irroorruptissimus
762 3677 863 3716 omnes

216 3740 336 3800 Cirodm
350 3742 479 3799 doctores
492 3741 597 3799 aderat.
631 3738 713 3800 Quid
727 3738 835 3796 multat
855 3738 1001 3815 pudioum,

215 3822 278 3885 Qui
292 3821 400 3898 primus
413 3820 523 3877 virtutis
537 3821 637 3890 honos,
651 3817 771 3876 serravit
785 3818 821 3875 ab
833 3818 911 3876 omui

216 3900 285 3960 Non
298 3897 391 3960 solium
405 3898 490 3971 lauto,
503 3895 603 3956 verum
615 3897 765 3975 opprobrio
777 3915 888 3975 quoque
898 3899 989 3977 turpi:
