2706 4362
486 303 691 354 SATIRARUM
708 301 773 352 Lm.
791 301 827 352 11.
844 304 868 352 2.

202 495 204 502 ,
222 445 376 508 Miscueris
388 448 471 519 elixa,
485 447 569 507 simul
584 447 735 522 conchylia
747 445 852 516 turdis;

222 528 328 586 Dulcia
341 547 371 585 se
385 527 415 588 in
429 526 515 584 bilem
529 537 647 598 vertent,
661 526 864 600 stomachoque
877 522 1031 582 tumultum

222 607 316 664 Lenta
330 607 399 664 seret
412 605 521 683 pituita.
556 604 646 662 Vides
660 615 691 662 ut
704 603 827 680 pallidus
839 602 933 662 omnis
1129 603 1169 660 75

221 685 313 742 Cana
326 686 460 759 desurgat
474 684 561 740 dubia
572 686 584 741 l
614 683 697 745 Quin
712 701 814 758 corpus
827 692 963 740 onustum

221 763 370 822 Hesternis
384 764 458 820 vitiis
472 763 598 819 animum
612 779 722 836 quoque
735 771 890 838 praegravat
903 760 973 834 unit,

222 846 317 916 Atque
331 842 430 916 aflligit
441 843 528 898 humo
542 841 645 897 divine
658 840 827 915 particulam
841 849 924 898 aurae.

222 919 314 992 Alter,
330 920 378 977 ubi
392 920 470 976 dicto
483 916 568 976 citilrs
583 919 786 995 curata'sopori

223 997 356 1056 Membra
369 998 458 1068 dedit,
472 1009 589 1073 vegetus
602 997 765 1073 prescripta
777 996 813 1054 ad
828 996 1038 1074 muniasurgit.
1130 994 1170 1054 ὅ)

223 1077 283 1134 Hic
296 1087 392 1134 tamen
407 1077 443 1132 ad
457 1075 559 1133 melius
571 1077 674 1152 poterit
687 1087 879 1133 transcurrere
891 1076 1052 1151 quondam:

226 1157 292 1214 Sive
307 1156 383 1212 diem
395 1155 497 1212 festum
511 1155 624 1212 rediens
638 1154 787 1212 adduxerit
800 1172 908 1224 annus3

225 1236 283 1292 Seu
297 1252 425 1292 recreare
441 1234 513 1292 volet
526 1243 674 1296 tenuatum
689 1251 807 1308 corpus;
829 1233 934 1308 ubique

224 1314 375 1371 Accedent
388 1312 466 1384 anni,
481 1323 510 1371 et
523 1312 638 1370 tractari
652 1309 765 1370 mollibs
779 1321 848 1368 etas
935 1325 936 1334 ¹

223 1391 370 1449 Imbecilla
384 1392 465 1449 volet.
492 1388 562 1449 Tibi
575 1391 711 1466 quidnam
725 1391 845 1451 accedet
858 1390 895 1447 ad
909 1389 992 1449 istam
1041 1451 1043 1456 ,
1132 1389 1172 1448 85

223 1472 321 1533 Quam
335 1489 404 1546 puer
418 1481 447 1526 et
461 1470 570 1526 validus
582 1471 730 1546 praesumis
744 1469 900 1541 mollitiem,
913 1487 966 1528 seu

223 1549 305 1606 Dura
314 1548 447 1606 ualetudo
461 1548 601 1620 inciderit,
616 1567 666 1606 seu
680 1549 760 1604 tarda
772 1549 926 1605 senectusl

266 1627 430 1684 Rancidum
446 1645 545 1701 aprum
561 1627 668 1700 antiqui
681 1627 854 1684 laudabant:
874 1646 933 1684 non
947 1627 1014 1702 quia
1027 1643 1114 1684 nasus

226 1705 288 1763 Illis
302 1705 397 1760 aulius
407 1715 477 1775 erat,
491 1705 551 1776 sed,
565 1703 661 1774 credo,
676 1705 732 1759 hbc
745 1715 850 1775 mente,
864 1702 942 1778 qubd
953 1705 1055 1780 hospes

227 1782 355 1840 Tardius
369 1783 522 1838 adveniens
536 1782 663 1839 vitiatum
677 1778 865 1853 commodius,
878 1779 964 1855 qudm
1134 1781 1173 1840 90

227 1861 376 1937 Integrum
386 1861 459 1917 edax
473 1859 614 1932 dominus,
628 1870 815 1918 consumeret.
852 1859 915 1916 Hcs
928 1859 1035 1918 utinam
1049 1860 1122 1918 inter

227 1940 339 1998 Heroas
352 1951 452 1995 natum
461 1939 543 1995 tellus
557 1958 602 1995 me
616 1939 707 2014 prima
719 1938 829 1996 tulisset
840 1939 846 1995 l

266 2018 326 2075 Das
340 2018 443 2092 aliquid
458 2017 549 2088 samae,
563 2034 626 2092 quae
639 2017 766 2074 carmine
779 2017 883 2093 gratior
897 2035 994 2074 aurem

226 2096 358 2172 Occupat
372 2097 546 2152 humanaml
579 2095 710 2152 Grandes
723 2096 833 2154 rhombi
846 2096 1006 2171 petinaeque

228 2175 344 2232 Grande
360 2174 453 2231 serunt
467 2174 526 2230 und
540 2192 606 2230 cum
621 2174 726 2232 damno
739 2174 882 2232 dedecus:
903 2174 976 2232 adde
1119 2171 1173 2232 '95

225 2253 333 2311 Iratum
347 2263 488 2330 patruum,
503 2253 620 2324 vicinos,
636 2263 663 2310 te
677 2252 728 2310 tibi
743 2253 881 2328 iniquum,

227 2332 265 2390 Et
279 2331 382 2390 frustra
396 2331 494 2388 mortis
507 2331 652 2407 cupidum,
666 2350 753 2406 quum
765 2332 857 2391 deerit
869 2332 965 2408 egenti

225 2412 279 2484 As,
293 2411 385 2486 laquei
398 2411 527 2486 pretium.
563 2414 581 2440 “
594 2409 612 2466 J
614 2411 691 2482 ure,”
707 2411 808 2486 inquit,
829 2415 849 2444 ‘⁴
860 2410 1001 2468 Treusius
1014 2410 1075 2468 istis

227 2490 245 2547 J
248 2501 363 2566 urgatur
376 2488 485 2545 verbis:
505 2507 560 2564 ego
573 2489 723 2565 vectigalia
737 2508 840 2565 magna

226 2569 402 2644 Divitiasque
416 2568 507 2625 habeo
520 2567 609 2625 tribus
624 2569 731 2644 amplas
745 2569 887 2646 regibus.''
917 2567 1004 2645 Ergo,
1118 2568 1174 2626 100

225 2648 314 2710 Quod
328 2657 451 2722 superat,
465 2666 522 2704 non
536 2656 579 2704 est
593 2645 695 2705 melius
708 2666 765 2722 quo
780 2647 924 2705 insumere
936 2647 1048 2723 possisl

226 2727 286 2784 Cur
300 2737 366 2802 eget
379 2726 513 2801 indignus
527 2725 685 2800 quisquam,
695 2737 724 2782 te
738 2727 843 2784 divitel
876 2726 977 2787 Quare

226 2805 350 2880 Templa
364 2814 450 2860 ruunt
464 2803 580 2878 antiqua
593 2805 700 2860 dedml
733 2804 803 2876 Cur,
818 2804 955 2878 improbe,
969 2821 1043 2861 carte

227 2882 296 2939 Non
310 2882 415 2954 aliquid
429 2882 525 2954 patriae
539 2890 618 2936 tanto
631 2881 756 2936 emetiris
769 2883 890 2938 acervol

227 2960 285 3017 Uni
300 2960 433 3016 nimirum
447 2957 499 3013 tibi
512 2953 591 3013 recte
606 2976 716 3032 semper
730 2971 813 3016 erunt
826 2959 892 3017 resl
1120 2959 1176 3016 105

227 3039 256 3096 Ο
270 3056 390 3114 magnus
404 3036 521 3110 posthac
536 3034 660 3091 inimicis
673 3034 763 3092 risusl
785 3037 892 3094 Ute'rne

227 3119 275 3175 Ad
289 3135 372 3174 casus
386 3114 486 3172 dubios
499 3113 568 3169 fidet
581 3113 634 3169 sibi
648 3111 771 3183 certihs3
793 3115 841 3172 hic
854 3115 902 3190 qui

227 3197 361 3255 Pluribus
375 3191 498 3251 assuerit
511 3202 635 3249 mentem
648 3210 805 3268 corpusque
819 3192 989 3269 superbum3

227 3278 276 3334 Aa
288 3275 347 3351 qui,
361 3283 513 3332 contentus
527 3289 613 3347 parvo
626 3281 812 3348 metuensque
826 3272 922 3343 hrturi,

227 3355 263 3412 In
277 3374 358 3430 pace,
373 3364 404 3411 ut
417 3351 541 3428 sapiens,
556 3350 659 3426 aptitrit
673 3350 776 3410 idonea
790 3352 883 3409 bellol
1121 3351 1177 3410 110

205 3471 208 3478 ,
264 3431 335 3495 Qud
350 3429 441 3507 magis
455 3431 499 3488 his
510 3429 626 3498 credas;
649 3449 717 3505 puer
731 3432 810 3489 hunc
823 3450 877 3506 ego
889 3447 992 3506 parvus
1004 3427 1130 3488 Ofellum

227 3511 350 3586 Integris
362 3511 462 3584 opibus
476 3509 541 3567 novi
556 3527 613 3566 non
627 3509 713 3566 latids
727 3528 820 3581 usum,

226 3585 325 3651 Quam
339 3605 417 3644 nunc
431 3589 539 3646 accisis.
574 3587 682 3645 Videas
695 3598 800 3644 metato
814 3588 843 3644 in
856 3589 948 3663 agello

228 3667 303 3724 Cum
316 3685 418 3741 pecore
432 3677 460 3721 et
474 3666 566 3740 gnatis
581 3665 680 3722 fortem
695 3665 827 3722 mercede
842 3667 983 3745 colonum¹

228 3750 245 3778 “
258 3744 326 3802 Non
336 3745 417 3818 ego,''
433 3755 602 3815 narrantem,
618 3748 635 3774 “
646 3740 753 3805 temerd
768 3744 814 3802 edi
825 3745 889 3803 luce
902 3746 1025 3828 profesta
1120 3751 1176 3816 115

226 3824 403 3898 Quidquam,
417 3832 518 3896 praeter
531 3822 603 3895 olus,
619 3821 735 3880 fumosae
749 3842 815 3881 cum
827 3826 900 3901 pede
913 3845 1017 3902 perne.
