2704 4362
306 593 354 684 Q.
395 583 674 664 HORATll
714 581 959 658 nnlccr

467 833 554 899 ARS
591 829 800 896 POETlCA.

538 1319 582 1376 ,sn
592 1315 724 1357 bisonas.

182 1427 319 1486 llurrauo
328 1422 415 1500 capiti
429 1421 570 1479 cervicem
580 1419 670 1496 pictor
678 1418 813 1494 equinam

182 1505 200 1561 J
204 1523 309 1580 ungere
323 1503 346 1560 si
360 1502 436 1573 velit,
449 1511 479 1558 et
491 1499 582 1558 varias
595 1497 733 1556 inducere
743 1497 857 1574 plumas

185 1583 314 1658 Undique
329 1581 439 1638 collatis
453 1579 597 1649 membris,
611 1587 643 1634 ut
656 1577 774 1652 turpiter
788 1587 880 1634 atrurn

182 1661 303 1718 Desinat
317 1661 346 1717 in
361 1660 468 1736 piscem
483 1657 584 1716 mulier
599 1656 721 1714 formosa
730 1652 864 1731 superne,

184 1741 350 1816 Spectatum
364 1737 480 1796 admissi
493 1737 581 1794 risum
595 1735 725 1806 teneatis,
740 1734 849 1792 amicit

183 1818 310 1890 Credite,
325 1817 455 1888 Pisones,
463 1816 509 1873 isti
518 1815 621 1874 tabule
636 1814 695 1872 sore
705 1813 809 1870 librum

184 1895 369 1967 Persimilem,
382 1895 474 1970 cujus,
488 1894 564 1951 velut
577 1893 645 1970 egri
659 1892 777 1964 somnia,
791 1910 870 1950 rane

183 1975 342 2051 Fingentur
357 1975 482 2050 species;
503 1983 535 2029 ut
549 1992 604 2030 nec
616 1990 676 2048 pes,
691 1990 750 2034 nec¹
759 1982 845 2047 caput
857 1971 908 2030 uni

184 2055 333 2110 Reddatur
348 2051 654 2110 sormae.-Pictoribus
668 2061 752 2126 atque
765 2050 858 2126 poetis

182 2132 335 2193 Quidlibet
348 2130 472 2187 audendi
486 2149 597 2206 semper
608 2130 660 2188 luit
673 2148 754 2204 equa
763 2139 936 2204 potestas-

185 2209 308 2282 Scimus,
322 2219 351 2266 et
364 2209 439 2264 hanc
450 2208 562 2265 veniam
574 2208 752 2284 petimusque
766 2207 922 2284 damusque
935 2205 1075 2278 vicissim

185 2289 243 2346 Sed
258 2307 315 2346 non
329 2297 361 2344 ut
372 2286 493 2362 placidis
506 2289 611 2344 coeant
624 2286 745 2346 immitis
752 2306 760 2357 3
781 2305 840 2344 non
853 2297 885 2344 ut

187 2369 339 2443 Serpentes
352 2366 451 2423 avibus
464 2365 655 2443 geminentur,
669 2365 790 2443 tigribus
801 2365 876 2442 agni.

223 2444 351 2522 Inceptis
364 2446 496 2522 gravibus
509 2441 675 2520 plerumque
689 2455 718 2502 et
731 2463 835 2521 magns
844 2445 978 2520 professis

185 2525 357 2598 Purpureus,
372 2522 428 2581 late
444 2524 492 2598 qui
507 2523 664 2598 splendeat,
679 2542 754 2581 unus
766 2534 797 2580 et
810 2523 880 2580 alter
1096 2524 1134 2580 15

186 2602 319 2658 Assuitur
332 2620 463 2676 pannus;
484 2621 571 2677 quum
584 2602 667 2659 lucus
680 2611 709 2658 et
723 2619 771 2658 ara
784 2600 896 2673 Dianae,

185 2679 223 2737 Et
235 2680 411 2755 properantis
425 2699 505 2756 aquae
518 2700 569 2756 per
583 2699 710 2738 amoenos
723 2679 844 2736 ambitus
858 2698 950 2756 agros,

185 2760 247 2816 Aut
259 2757 364 2815 flumen
380 2758 527 2831 Rhenum,
543 2771 591 2817 aut
600 2759 712 2836 pluvius
725 2758 895 2816 describitur
909 2777 1011 2817 arcus:

186 2837 244 2894 Sed
258 2857 336 2894 nunc
350 2857 407 2895 non
420 2849 482 2896 erat
495 2838 540 2895 his
553 2837 641 2896 locus.
683 2837 722 2895 Et
735 2837 851 2896 sonasse
862 2855 1028 2914 cupressum

186 2916 251 2973 Scis
264 2916 415 2974 simulare:
436 2917 505 2991 quid
519 2918 585 2989 hoc,
599 2917 623 2974 si
638 2917 734 2975 fractis
747 2928 843 2975 enatat
856 2935 956 2992 exspes
1093 2916 1134 2973 20

184 2995 323 3068 Navibus,
337 3013 392 3051 tere
403 2996 470 3053 dato
481 2996 530 3070 qni
543 2996 689 3073 pingitur?
710 2997 856 3072 Amphora
870 2995 957 3071 coepit

186 3073 316 3143 Institui;
337 3084 470 3131 currente
484 3075 546 3132 rotd
560 3093 612 3133 cur
622 3092 726 3132 urceus
738 3075 818 3132 exitl

185 3153 316 3228 Denique
330 3153 375 3223 sit,
389 3152 528 3228 quodvis,
542 3153 663 3229 simplex
675 3155 813 3212 duntaxat
825 3164 854 3212 et
864 3171 961 3211 unum.

224 3229 351 3288 Maxima
364 3250 429 3306 pars
442 3243 548 3304 vatum,
562 3243 652 3308 pater,
666 3243 695 3289 et
705 3232 825 3306 juvenes
837 3243 917 3308 patre
930 3231 1021 3308 digni,

184 3307 351 3385 Decipimur
365 3310 461 3385 specie
474 3311 563 3368 recti:
586 3310 679 3367 brevis
692 3329 755 3368 esse
769 3310 875 3384 laboro,
1093 3309 1133 3366 25

184 3386 332 3446 Obscurus
346 3388 399 3446 fio:
421 3399 577 3446 sectantem
592 3389 665 3446 levia
678 3389 758 3446 nervi

185 3463 330 3524 Deficiunt
344 3468 503 3543 animique:
523 3468 666 3545 professus
679 3468 799 3544 gandia
812 3479 922 3545 turget:

186 3543 279 3616 Serpit
293 3545 371 3603 humi
385 3557 462 3604 tutus
476 3545 598 3606 nimium
611 3546 783 3622 timidusque
796 3547 935 3622 procelle.
976 3597 979 3604 .

183 3617 245 3678 Qui
259 3623 365 3679 variare
379 3625 458 3699 cupit
472 3645 532 3683 rem
545 3627 736 3702 prodigialiter
750 3643 846 3696 unam,

186 3694 360 3771 Delphinum
375 3701 453 3760 silvis
467 3704 604 3780 appingit,
619 3703 753 3764 fluctibus
765 3721 874 3779 aprum.
1094 3701 1135 3760 30

186 3773 221 3832 In
236 3774 334 3831 vitium
348 3778 427 3835 ducit
441 3782 533 3856 culpae
547 3783 624 3858 fuga,
638 3784 662 3840 si
676 3792 753 3840 caret
767 3792 835 3839 arte.
