2706 4362
147 256 205 370 126
477 304 507 364 o.
525 301 671 356 noman
689 302 826 355 runcor-
895 289 897 294 '

186 451 318 510 Destinet
331 467 464 519 uxorem;
485 447 638 507 interdicto
651 449 718 506 huic
732 466 817 506 omne
831 446 938 506 adimat
948 445 996 524 jus
1062 517 1065 522 ,

186 527 303 602 Praetor,
317 541 346 587 et
359 529 395 586 ad
410 547 494 586 sanos
507 529 590 586 abeat
603 527 692 585 tutela
705 526 885 602 propinquos.

185 610 283 672 Quidl
304 607 329 666 si
339 609 401 683 quis
415 618 529 682 gnatam
544 625 598 682 pro,
608 605 688 661 muti
702 606 822 662 devovet
836 605 921 680 agnai,

186 688 303 764 Integer
316 699 360 743 est
374 687 482 764 animi?
517 684 565 742 Ne
579 685 692 740 dixeris.
727 682 814 759 Ergo,
830 684 878 740 ubi
892 702 978 759 prava
1037 681 1041 688 ’
1080 683 1138 740 220

187 767 321 837 Stultitia,
337 764 385 822 hic
399 775 443 821 est
456 783 566 820 summa
580 762 708 820 insania:
728 763 776 837 qui
791 762 955 834 sceleratus,

185 845 224 902 Et
237 845 358 901 furiosus
372 843 443 900 erit:
464 861 548 917 quern
563 843 640 916 cepit
653 841 742 898 vitrea
753 841 839 914 fama,

187 920 276 980 Hunc
289 923 492 980 circumtonuit
505 922 635 1000 gaudens
646 919 767 976 Bellona
781 919 914 977 cruentis.
953 953 956 958 ·

185 1001 215 1059 N
218 1021 274 1058 unc
288 1020 351 1078 age,
365 1001 504 1057 luxuriam
519 1011 547 1057 et
561 999 775 1056 Nomentanum
790 998 880 1074 arripe
894 1017 1016 1056 mecum.

185 1081 292 1138 Vincet
302 1081 379 1137 enim
394 1079 493 1136 stultos
506 1079 578 1136 ratio
586 1077 710 1135 insanire
724 1089 849 1152 nepotes.
1076 1077 1135 1135 225

121 1184 125 1192 ·
186 1159 245 1216 Hic
260 1159 342 1216 simul
358 1157 468 1232 accepit
482 1155 633 1233 patrimoni
647 1156 724 1212 mille
738 1157 855 1228 talenta,

118 1237 127 1308 ἔ
187 1237 421 1313 Edicit‚piscator
435 1233 487 1306 uti,
500 1235 654 1311 pomarius,
670 1253 785 1309 auceps,

119 1311 126 1320 “
187 1316 408 1392 Unguentarius,
423 1333 457 1370 ac
471 1314 561 1371 Tusci
576 1311 658 1372 turba
672 1314 758 1388 impia
772 1313 838 1386 vici,

187 1396 263 1468 Cum
276 1394 382 1450 scurris
396 1393 489 1464 fartor,
505 1411 572 1449 cum
586 1392 711 1449 Velabro
723 1411 809 1450 omne
823 1393 988 1464 macellum,

186 1471 275 1531 Mane
288 1473 405 1530 domum
416 1473 539 1530 veniant.
569 1471 651 1532 Quid
663 1472 744 1528 tuml
764 1469 881 1528 Venire
893 1472 1060 1548 frequentes
1074 1472 1134 1529 230

186 1552 282 1610 Verba
297 1552 365 1608 sacit
374 1551 457 1608 leno:
493 1550 662 1624 ‘Quidquid
678 1549 758 1622 mihi,
772 1549 911 1625 quidquid
925 1553 1068 1609 ethorum

186 1632 298 1705 Cuique
307 1629 383 1687 domi
397 1642 450 1702 est,
463 1629 491 1686 id
503 1630 587 1686 crede
601 1640 699 1698 tuum;
721 1639 749 1685 et
762 1629 806 1686 vel
820 1648 898 1686 nunc
909 1642 983 1706 pete,
994 1631 1037 1688 vel
1052 1631 1130 1686 oras.¹

187 1711 300 1785 Accipe
314 1710 381 1784 quid
395 1707 496 1766 oontrd
507 1708 620 1784 juvenis
633 1708 810 1784 responderit
824 1727 936 1783 aequus:

188 1794 195 1819 ‘
208 1788 242 1845 In
257 1789 322 1846 nive
337 1788 457 1844 Lucani
472 1787 579 1845 dormis
592 1798 732 1858 ocreatus,
744 1797 777 1844 ut
790 1801 888 1863 aprum

186 1868 308 1924 Coenem
321 1887 391 1942 ego;
413 1878 443 1924 tu
457 1866 550 1942 pisces
564 1867 683 1925 hiberno
697 1885 733 1924 ex
746 1885 857 1942 aequore
871 1865 970 1924 vellis:
1073 1867 1133 1924 235

186 1947 290 2021 Segnis
303 1965 367 2022 ego,
380 1946 516 2020 indignus
529 1946 577 2021 qui
591 1943 702 2003 tantiam
714 1947 882 2021 possideam.
917 1946 1024 2003 Aufer:

186 2026 274 2081 Sumo
288 2026 339 2081 tibi
354 2025 465 2093 decies;
487 2024 539 2081 tibi
550 2025 735 2093 tantundem
757 2024 807 2082 tibi
821 2025 939 2100 triplex.'

184 2100 275 2158 Filius
289 2103 389 2177 AEsopi
404 2104 560 2160 detractam
574 2123 609 2160 ex
623 2122 690 2160 aure
705 2101 839 2176 Metellae,

185 2181 303 2236 Scilicet
316 2192 347 2236 ut
361 2182 457 2238 decies
471 2181 593 2238 solidum
607 2181 778 2253 exsorberet,
793 2192 875 2239 aceto

110 2268 114 2274 '
184 2258 276 2314 Diluit
289 2257 431 2333 insignem
447 2259 581 2315 baccam:
602 2258 652 2334 qui
666 2260 759 2317 sanior
772 2279 806 2316 ac
821 2260 844 2317 si
1074 2262 1133 2319 240

184 2335 259 2392 Illud
273 2336 349 2392 idem
364 2337 393 2394 in
404 2338 533 2414 rapidum
548 2337 654 2396 flumen
666 2338 808 2413 jaceretve
822 2339 970 2397 cloacaml
1094 2335 1095 2340 '

182 2414 287 2476 Quinti
300 2417 451 2491 progenies
464 2415 542 2490 Arri,
556 2437 607 2493 par
621 2417 715 2475 nobile
730 2418 857 2491 fratrum,

183 2491 330 2568 Nequititi,
345 2505 374 2552 et
387 2496 482 2570 nugis,
495 2515 643 2571 pravorum
658 2509 688 2554 et
701 2517 796 2556 amore
810 2497 975 2574 gemellum,

183 2571 333 2629 Luscinias
347 2573 421 2629 soliti
435 2574 563 2648 impenso
575 2576 714 2650 prandere
730 2580 884 2652 coemptas.

182 2651 329 2713 Quorsum
344 2651 469 2708 abeantl
489 2653 553 2708 sani
568 2663 598 2709 ut
612 2654 700 2726 creti,
716 2673 752 2710 an
768 2654 892 2714 carbone
906 2655 1047 2714 notandil
1073 2657 1132 2714 245

183 2729 341 2786 AEdificare
354 2747 445 2802 casas,
458 2730 607 2806 plaustello
620 2732 775 2809 adjungere
788 2751 894 2807 mures,

182 2808 296 2866 Ludere
308 2827 358 2883 par
374 2808 472 2884 impar,
487 2807 612 2884 equitare
626 2811 655 2868 in
670 2812 810 2870 arundine
823 2813 920 2890 longi,

182 2888 214 2944 Si
224 2904 309 2962 quem
323 2887 446 2945 delectet
459 2888 616 2961 barbatum,
631 2892 755 2948 amentia
769 2891 868 2951 verset.

182 2968 215 3024 Si
227 2966 363 3042 puerilius
377 2967 420 3024 his
431 2968 502 3024 ratio
512 2987 575 3024 esse
588 2968 701 3029 evincet
715 2989 826 3042 amare;
938 3027 940 3034 .

181 3045 247 3103 Neo
261 3045 412 3120 quidquam
427 3046 550 3119 differre,
564 3057 698 3105 utrumne
712 3048 742 3105 in
755 3051 880 3125 pulvere,
895 3052 994 3110 trimus
1072 3051 1131 3110 25⁰

181 3124 277 3186 Quale
291 3121 379 3200 priris,
393 3125 476 3183 ludas
489 3145 570 3202 opus,
582 3146 619 3184 an
634 3128 793 3186 meretricis
807 3148 902 3188 amore

182 3203 327 3260 Sollicitus
340 3204 448 3279 plores:
469 3225 574 3280 quaero,
590 3206 715 3264 faciesne
729 3208 804 3282 quod
818 3209 886 3266 olim

181 3281 310 3341 Mutatus
324 3281 480 3342 Polemonl
500 3304 589 3360 ponas
603 3285 727 3360 insignia
740 3285 840 3366 morbi,

181 3359 335 3431 Fasciolas‚
350 3363 466 3436 cubital,
482 3362 592 3434 boalia,
606 3375 689 3438 potus
703 3375 734 3420 ut
748 3364 795 3420 ille

182 3438 294 3495 Dicitur
307 3458 344 3495 ex
356 3441 430 3500 collo
444 3442 539 3500 furtim
553 3442 690 3515 carpsisse
704 3460 833 3514 coronas,
1070 3443 1131 3503 ‘256

181 3514 332 3590 Postquam
346 3530 389 3576 est
402 3520 538 3596 impransi
552 3531 696 3596 correptus
711 3539 779 3578 voce
793 3521 940 3597 magistril

181 3593 305 3670 Porrigis
319 3595 390 3654 irato
402 3617 490 3674 puero
503 3617 589 3674 quum
603 3617 696 3674 poma,
711 3609 842 3657 recusat:

181 3673 298 3744 ‘Sume
314 3673 423 3733 Catelle
433 3678 449 3746 3’
486 3688 587 3753 negat:
609 3678 633 3734 si
646 3697 705 3736 non
719 3678 780 3749 des,
793 3689 879 3755 optat.
921 3681 1041 3744 Amator

181 3749 323 3808 Exclusus
336 3752 385 3825 qui
399 3755 493 3826 distat,
508 3756 566 3831 agit
579 3757 628 3814 ubi
642 3775 751 3828 secum,
765 3767 812 3814 eat
825 3775 861 3815 an
875 3777 933 3818 non

181 3825 252 3893 Qud
266 3829 407 3888 rediturus
420 3843 481 3891 erat
493 3851 551 3891 nou
564 3837 727 3909 arcessitus„
739 3846 768 3894 et
779 3836 865 3895 heret
1072 3837 1131 3898 260
