2704 4362
202 333 260 392 180
524 331 555 387 Q.
574 330 720 380 flottam
738 330 863 380 sunem

239 471 337 532 Tanta
351 473 432 550 plura
446 475 537 550 cupis,
551 475 660 540 nulline
675 473 788 532 faterier
802 474 910 533 uudesl

239 553 272 610 Si
286 554 388 610 vulnus
401 553 452 610 tibi
466 555 624 612 monstrate
637 553 734 610 radice
748 553 791 610 vel
806 553 896 612 herba

223 631 307 690 ‚Non
322 632 403 690 fieret
414 632 513 704 levius,
529 632 649 708 fugeres,
664 633 761 689 radice
775 631 819 688 vel
834 631 923 690 herba
1137 642 1193 698 150

240 710 411 768 Proficiente
425 711 507 783 nihil,
521 710 667 768 curarierf
708 710 862 784 Audieras,
876 711 924 769 cui

240 789 317 846 Rern
332 789 361 846 di
376 790 524 862 donarent,
538 789 578 847 illi
592 789 732 846 decedere
745 809 860 864 pravam

241 869 414 939 Stultitiam3
435 879 473 940 et,
487 888 574 944 quum
588 869 627 926 sis
641 868 730 926 nihilo
743 868 896 944 sapientior
909 888 946 926 ex
958 889 1014 946 quo

240 946 354 1006 Plenior
367 967 409 1020 es,
422 959 519 1005 tamen
533 948 621 1005 uteris
635 947 820 1004 monitoribus
834 946 947 1006 isdeml

241 1027 282 1082 At
294 1028 318 1083 si
333 1027 437 1084 divitiae
450 1028 619 1102 prudentem
633 1027 752 1084 reddere
765 1038 891 1102 possent,
1134 1033 1189 1090 155

154 1129 157 1134 ·
241 1105 273 1161 Si
287 1105 423 1180 cupidum
438 1105 624 1180 timidumque
638 1105 735 1164 minds
749 1116 793 1174 te;
815 1125 920 1182 nempe
933 1107 1060 1182 rubores,

240 1183 357 1242 Viveret
370 1185 399 1242 in
414 1185 494 1244 terris
508 1195 536 1241 te
550 1184 649 1260 siquis
664 1183 770 1241 avarior
785 1204 851 1242 uuo.

281 1267 298 1293 “
312 1263 343 1320 Si
357 1263 500 1338 proprium
514 1265 643 1338 estquod
658 1263 721 1338 quis
736 1263 807 1320 librfa
821 1278 962 1324 mercatus
972 1277 1001 1325 et
1014 1286 1070 1326 rere
1083 1278 1135 1341 est,

239 1342 393 1412 Quaedarn,
408 1343 432 1398 si
445 1343 538 1398 credis
553 1342 699 1415 consultis,
714 1343 858 1418 mancipat
871 1363 952 1415 usus;

239 1419 301 1480 Qui
315 1431 344 1476 te
357 1421 448 1496 pascit
462 1439 538 1496 eger,
553 1432 619 1478 tuus
632 1433 675 1478 est
683 1442 691 1492 ς
712 1433 742 1480 et
756 1422 866 1480 villicus
880 1422 964 1497 Orbl,
1132 1427 1188 1485 160

238 1498 340 1558 Quum
354 1510 465 1575 segetes
478 1511 571 1573 occat,
585 1500 637 1558 tibi
651 1520 717 1558 mox
731 1501 872 1560 frumenta
886 1503 1010 1576 daturas,

240 1576 287 1634 Te
301 1579 449 1636 dominum
463 1579 556 1637 sentit.
598 1579 658 1636 Das
672 1598 820 1650 nummos;
842 1582 949 1658 accipis
963 1601 1057 1657 uvam,

240 1655 346 1728 Pullos,
359 1677 422 1730 ova,
435 1659 538 1715 cadum
554 1661 670 1716 temeti:
692 1679 796 1735 nempe
810 1661 894 1718 modo
908 1661 962 1720 isto

240 1734 379 1794 Paulatim
394 1739 529 1796 mercaris
543 1757 652 1814 agrum,
665 1739 780 1796 fortasse
794 1741 939 1814 trecentis,

240 1815 301 1870 Aut
315 1815 399 1872 etiam
414 1815 509 1892 supra,
524 1837 704 1876 nummorum
719 1817 842 1876 millibus
855 1831 990 1895 eruptum.
1131 1823 1188 1880 165

239 1894 321 1954 Quid
335 1895 429 1967 refert,
445 1897 519 1954 vivas
533 1909 683 1956 numerato
697 1917 797 1973 nuper,
811 1917 849 1954 en
862 1899 953 1956 oliml

240 1971 358 2048 Emptor
373 1975 485 2032 Aricini
499 1977 641 2050 quondam
656 1976 786 2034 Veientis
799 1989 828 2034 et
841 1978 899 2036 arvi

240 2050 374 2128 Emptum
389 2066 484 2111 coenat
496 2056 569 2126 olus,
583 2056 710 2130 quamvis
724 2056 804 2113 aliter
817 2067 897 2132 putat
905 2077 912 2126 ;
934 2057 1036 2133 emptis

240 2131 302 2186 Sub
317 2143 427 2190 noctem
442 2134 563 2210 gelidam
578 2135 664 2210 lignis
677 2135 825 2192 calefactat
839 2139 960 2194 aenum:

240 2211 298 2267 Sed
314 2223 393 2268 vocat
407 2231 495 2286 usque
509 2232 602 2285 suuni,
617 2215 673 2289 qual
686 2215 808 2290 populus
822 2215 913 2274 adsita
926 2216 1011 2274 certis
1130 2218 1188 2274 170

239 2287 390 2346 Limitibus
405 2292 499 2348 vicina
511 2293 616 2369 refugit
626 2294 737 2369 jurgia,
757 2305 891 2368 tanquam

240 2369 283 2425 Sit
296 2370 439 2446 proprium
454 2372 616 2446 quidquam,
631 2384 738 2448 puncto
752 2373 827 2448 quod
841 2373 952 2432 mobilis
965 2375 1050 2447 horte,

239 2447 327 2506 Nunc
340 2469 436 2525 prece,
450 2470 528 2509 nunc
541 2453 641 2527 pretio,
655 2472 734 2510 nuuc
748 2454 783 2524 vi,
799 2472 876 2511 nunc
889 2465 963 2511 sorte
977 2452 1119 2529 suprema,

238 2526 384 2586 Permutet
398 2531 526 2590 dominos
540 2543 569 2588 et
582 2534 666 2590 cedat
679 2533 708 2589 in
720 2532 807 2589 altera
817 2532 889 2607 jura.
1099 2576 1101 2582 ,

239 2606 298 2676 Sic,
313 2609 378 2682 quia
388 2622 541 2684 perpetuus
554 2611 625 2668 nulli
639 2612 721 2668 datur
735 2631 811 2681 usus,
826 2625 855 2668 et
869 2613 960 2670 heres
1128 2613 1187 2670 175

238 2683 391 2744 llaeredem
406 2688 531 2760 alterius,
545 2690 621 2746 velut
635 2691 712 2746 unda
725 2689 886 2764 supervenit
900 2692 1017 2763 undam,

237 2763 319 2824 Quid
334 2767 387 2823 vici
401 2780 528 2842 prosunt,
543 2780 592 2826 aut
605 2769 726 2826 horreal
746 2769 849 2844 quidve
864 2769 995 2828 Calabris

238 2843 362 2902 Saltibus
376 2846 480 2922 adjecti
494 2847 615 2920 Lucani,
629 2849 653 2904 si
667 2849 747 2906 metit
760 2849 856 2906 Orcus

237 2923 363 2982 Grandia
376 2944 444 2981 curn
457 2928 559 3002 parvis,
573 2947 632 2985 non
646 2928 797 2986 exorabilis
808 2929 896 2985 aurol

276 3007 294 3032 “
309 3004 455 3074 Gemmas,
470 3024 601 3079 marmor,
615 3007 695 3079 ebur,
710 3007 862 3082 Tyrrhena
875 3005 977 3082 sigilla,
991 3005 1118 3079 tabellas,

236 3081 407 3156 Argentum,
422 3093 513 3141 vestes
526 3084 639 3142 Gaetulo
652 3087 761 3144 murice
775 3087 888 3158 tinctus,
1128 3086 1183 3143 181

237 3161 311 3217 Sunt
323 3162 371 3236 qui
386 3181 441 3220 non
457 3163 597 3235 habeant;
618 3167 723 3240 estqui
737 3186 794 3224 non
809 3176 890 3223 curat
904 3165 1016 3223 habere.

145 3301 149 3308 ,
236 3239 296 3295 Cur
310 3241 378 3296 alter
393 3242 508 3300 fratrum
523 3263 634 3301 cessare
649 3257 677 3302 et
690 3245 789 3303 ludere
803 3257 831 3304 et
844 3244 914 3320 ungi

235 3316 369 3376 Praeferat
384 3319 507 3378 Herodis
521 3323 650 3396 palmetis
665 3325 836 3400 pinguibus;
859 3324 939 3394 alter,

235 3395 322 3453 Dives
335 3408 364 3454 et
377 3399 562 3474 importunus,
576 3401 612 3458 ad
628 3403 757 3460 umbram
771 3404 842 3460 lucis
856 3403 969 3460 abortu
1129 3400 1187 3457 185

237 3476 407 3548 sylvestrem
421 3477 542 3537 flammis
555 3490 584 3536 et
598 3480 671 3538 ferro
685 3482 795 3558 mitiget
808 3501 924 3557 agrum;

236 3553 297 3610 Scit
311 3555 430 3629 Genius,
445 3559 539 3616 natale
553 3578 649 3616 comes
662 3561 710 3635 qui
724 3571 863 3636 temperat
876 3571 995 3632 astrum,

234 3629 351 3689 Naturae
366 3636 437 3692 deus
451 3638 593 3710 humanae,
607 3640 732 3696 mortalis
746 3640 776 3696 in
791 3657 891 3695 unum·

234 3711 365 3785 quodque
379 3726 475 3791 caput,
490 3717 569 3773 vultu
584 3719 736 3789 mutabiliS,
751 3718 832 3774 albus
846 3728 875 3774 et
889 3727 958 3774 ater.

274 3792 293 3818 “
307 3789 385 3862 Utar,
399 3803 477 3850 etex
492 3797 613 3868 modico,
628 3795 766 3871 quantum
781 3816 826 3853 res
838 3806 947 3872 poscet,
961 3813 1063 3854 acervo
1129 3795 1189 3853 190

235 3865 368 3934 Tollam;
390 3887 445 3926 uec
460 3883 586 3929 metuam
600 3876 667 3948 quid
683 3877 719 3932 de
733 3894 778 3939 me
790 3875 901 3950 judicet
914 3873 1015 3948 haeres,
