2706 4362
191 371 248 428 146
516 365 547 422 Q·
565 364 711 413 nostru
728 363 851 413 FLACCI

267 506 395 572 Quodsi
409 527 455 566 me
468 509 589 586 populus
603 509 753 566 Romanus
767 504 839 565 forte
854 517 933 582 roget
947 525 998 566 cur
1139 510 1179 567 70

228 588 307 661 Non,
321 599 352 646 ut
365 587 529 664 porticibus,
544 588 586 645 sic
597 587 713 664 judiciis
727 587 802 643 fruar
816 585 919 657 isdem,

229 667 294 725 Nec
308 685 408 742 sequar
422 677 471 724 aut
484 666 592 742 fugiam
605 685 667 741 que
682 665 781 740 deligit
795 665 855 740 ipse
868 664 911 720 vel
926 664 1001 722 odit:

228 746 307 803 Olim
320 746 395 820 quod
409 746 507 821 vulpes
520 756 624 822 aegroto
637 756 721 801 cauta
734 744 810 800 leoni

229 825 400 902 Respondit,
414 825 551 881 referam:
574 823 680 886 “Quia
693 842 740 880 me
755 823 873 898 vestigia
886 832 1001 894 terrent,

228 904 335 961 Omnia
348 914 376 960 te
391 905 540 960 adversum
555 903 723 978 spectantia,
736 902 814 958 nulla
825 904 1008 958 retrorsum.”
1139 905 1179 961 75

229 983 329 1040 Bellua
340 982 492 1039 multorum
506 1002 537 1039 es
551 982 675 1057 capitum
687 1002 693 1038 :
714 999 780 1038 nam
792 981 859 1056 quid
871 981 991 1055 sequarl
1011 992 1061 1039 aut
1073 983 1179 1056 queml

229 1063 299 1119 Pars
312 1062 458 1118 hominurn
472 1062 557 1138 gestit
570 1061 731 1118 conducere
744 1059 874 1135 publica:
896 1069 962 1116 sunt
975 1060 1024 1135 qui

230 1141 341 1198 Crustis
354 1152 383 1197 et
396 1140 486 1216 pomis
500 1141 599 1197 viduas
612 1150 750 1196 venentur
765 1158 872 1210 avaras,

230 1219 437 1296 Excipiamque
452 1239 535 1277 senes
548 1239 618 1294 quos
633 1219 662 1276 in
677 1219 781 1275 vivaria
794 1219 923 1275 mittant:

231 1298 331 1357 Multis
344 1298 457 1354 occulto
470 1299 574 1354 crescit
587 1317 633 1354 res
647 1298 761 1354 soenore.
804 1294 913 1354 Verdrn

230 1377 310 1449 Esto,
324 1377 387 1434 aliis
400 1377 469 1433 alios
483 1377 567 1433 rebus
581 1376 736 1451 studiisque
751 1376 858 1445 teneri;

232 1455 323 1514 Iidem
337 1455 438 1512 eadem
451 1466 569 1530 possunt
582 1457 679 1512 horam
693 1455 795 1512 durare
808 1455 982 1532 probantes?

231 1539 249 1565 “
262 1534 368 1594 Nullus
379 1535 409 1591 in
422 1535 490 1591 orbe
504 1535 583 1590 sinus
597 1533 674 1591 Baiis
687 1535 822 1610 praelucet
836 1533 983 1606 amoenis,¹'

232 1614 263 1671 Si
277 1615 348 1670 dixit
361 1614 449 1685 dives,
464 1614 543 1670 lacus
556 1624 585 1670 et
598 1632 676 1670 mare
690 1614 775 1670 sentit
789 1630 913 1671 amorem

231 1693 406 1750 Festinantis
420 1693 498 1762 heri;
520 1693 567 1750 cui
582 1693 605 1749 si
619 1693 718 1750 vitiosa
731 1693 819 1750 libido

231 1772 345 1829 Fecerit
359 1772 528 1848 auspicium,
543 1791 606 1829 cras
620 1772 791 1829 ferramenta
805 1771 959 1828 Theanum

231 1851 362 1923 Tolletis,
376 1852 455 1908 fabri.
498 1851 603 1910 Lectus
616 1851 737 1929 genialis
752 1853 780 1909 in
795 1851 861 1907 auli
875 1852 937 1908 estl

231 1929 283 1986 Nil
298 1931 337 1988 ait
349 1950 412 1987 esse
422 1932 510 2006 prius,
525 1931 627 1987 melius
641 1930 680 1988 nil
695 1930 796 1988 coelibs
810 1929 885 1999 vitd3

231 2009 264 2065 Si
278 2020 401 2080 nonest,
414 2009 489 2084 jurat
504 2011 577 2066 bene
592 2010 659 2066 solis
672 2029 735 2066 esse
748 2009 865 2066 maritis.

229 2087 300 2149 Quo
313 2098 426 2144 teneam
433 2089 533 2145 'vultus
547 2099 703 2146 mutantem
718 2089 820 2156 Protea
833 2087 928 2145 nodol

230 2164 311 2226 Quid
326 2168 451 2240 pauperi
472 2165 551 2223 ride:
573 2177 663 2222 mutat
676 2167 834 2237 coenacula,
848 2168 947 2239 lectos,

231 2241 349 2315 Balnea,
363 2254 505 2312 tonsores;
527 2244 671 2302 conducto
684 2245 797 2319 navigio
808 2241 888 2320 aqud

231 2320 260 2377 N
263 2332 360 2378 auseat
374 2341 408 2378 ac
423 2322 548 2398 locuples
561 2341 645 2398 quem
659 2323 738 2381 ducit
751 2323 829 2398 priva
842 2323 972 2381 triremis.

272 2401 304 2457 Si
318 2411 444 2459 curtatus
458 2402 590 2477 inaequali
603 2414 716 2460 tonsore
731 2402 847 2478 capillos

232 2477 365 2552 Occurri,
380 2481 473 2538 rides:
495 2481 520 2537 si
535 2478 605 2539 fortd
621 2482 760 2538 subucula
772 2501 852 2557 penta

232 2557 315 2615 Trita
329 2560 425 2616 subest
438 2561 553 2631 tunice,
568 2561 611 2617 vel
626 2562 649 2618 si
663 2572 730 2636 toga
744 2561 862 2618 dissidet
875 2561 975 2636 impar,

231 2635 332 2694 Rides.
371 2637 464 2709 Quid,
479 2657 543 2695 mea
556 2657 642 2713 quum
657 2652 765 2715 pugnat
778 2640 918 2698 sententia
932 2657 1049 2708 secum;

230 2715 319 2777 Quod
332 2717 421 2792 petiit,
436 2718 560 2792 spernit3
580 2719 683 2794 repetit
696 2719 770 2794 quod
785 2738 875 2794 nuper
888 2718 1001 2788 omisit3
1038 2785 1041 2792 f

232 2795 355 2867 AEstuat,
370 2807 398 2853 et
409 2797 472 2853 vitae
486 2797 663 2854 disconvenit
676 2798 775 2854 ordine
789 2809 864 2867 toto;

232 2873 337 2946 Diruit,
349 2875 480 2947 aedilicat,
496 2887 586 2934 mutat
597 2878 734 2952 quadrata
747 2877 893 2934 rotundisl

232 2952 362 3010 Insanire
375 2965 457 3028 putas
472 2956 609 3013 solemnia
622 2975 677 3026 me,
692 2975 785 3031 neque
799 2957 884 3027 rides,

232 3031 297 3090 Nec
311 3033 415 3090 medici
430 3035 533 3106 credis,
548 3053 603 3091 nec
617 3035 755 3092 curatoris
768 3054 852 3110 egere
918 3060 921 3066 2

232 3112 260 3167 A
274 3123 392 3186 praetore
406 3113 474 3183 dati,
489 3133 582 3171 rerum
597 3115 685 3171 tutela
698 3133 824 3172 mearum

231 3188 332 3250 Quum
346 3191 394 3262 sis,
409 3201 437 3248 et
450 3188 535 3267 pravis
550 3205 659 3250 sectum
674 3193 859 3250 stomacheris
872 3193 909 3250 ob
923 3211 1049 3269 unguem

232 3267 277 3324 De
291 3280 319 3326 te
333 3271 493 3344 pendentis,
507 3282 535 3328 te
549 3273 726 3347 respicientis
739 3273 832 3328 amici.
1128 3271 1183 3328 105

272 3347 319 3404 Ad
334 3367 483 3422 summam,
499 3351 611 3424 sapiens
625 3369 682 3407 uno
695 3351 787 3407 minor
801 3362 844 3407 est
857 3349 944 3418 Jove3
966 3350 1054 3422 dives,

232 3422 328 3496 Liber,
343 3427 504 3500 honoratus,
519 3429 646 3503 pulcher,
661 3448 711 3485 rex
725 3430 846 3504 denique
860 3447 976 3504 regum:

233 3499 381 3579 Praeciputl
397 3525 493 3580 sanus,
508 3507 563 3564 nisi
576 3526 664 3582 quum
677 3508 778 3584 pituita
791 3509 910 3566 molesta
923 3518 973 3565 est
