2706 4362
341 672 389 764 Q.
428 670 712 746 HORATII
756 668 1001 744 FLACCl

456 935 887 1004 EPISTOLARUM

536 1171 640 1220 LIBER
665 1170 809 1220 PRIMUS,

472 1704 474 1712 Ι
545 1623 748 1684 emenone
769 1624 793 1683 1.

536 1762 576 1802 An
590 1763 797 1804 MAEGENATEM.

217 1861 318 1923 Pmns
331 1866 407 1924 dicte
421 1865 501 1938 mihi,
516 1864 627 1922 summit
641 1864 762 1922 dicende
777 1863 926 1937 Camoent,

218 1946 381 2020 Spectatum
396 1942 474 2018 setis,
488 1955 517 2002 et
529 1946 665 2001 donatum
676 1944 736 2020 jem
749 1943 829 2016 rude,
843 1944 954 2018 queris,

217 2021 371 2095 Mesenae,
386 2026 488 2082 iterum
503 2023 618 2098 antiquo
632 2042 678 2080 me
692 2023 837 2080 includere
851 2022 927 2081 ludo.

216 2100 284 2157 Non
299 2104 398 2158 eadem
410 2113 453 2159 est
466 2113 543 2174 netes,
559 2120 616 2159 non
631 2121 720 2158 mens.
761 2101 908 2176 Vejanius,
923 2101 1007 2160 ermis

217 2178 351 2236 Herculis
365 2181 400 2236 ed
415 2191 523 2255 postem
537 2178 609 2251 finis,
624 2180 692 2236 latet
706 2179 817 2236 abditus
832 2197 900 2256 agro
1141 2183 1163 2240 ὅ

215 2255 262 2312 Ne
275 2258 409 2332 populum
424 2256 552 2314 extremd
566 2259 649 2314 toties
662 2268 758 2314 exoret
771 2257 866 2314 srend.

216 2334 267 2392 Est
282 2337 350 2394 mihi
364 2347 511 2412 purgatam
525 2333 626 2394 crebrd
641 2337 688 2411 qui
702 2348 835 2413 personet
850 2355 964 2395 eurem:

216 2413 327 2472 “Solve
341 2426 537 2473 senescentem
552 2412 662 2473 mature
677 2435 762 2473 senus
775 2435 890 2491 equum,
905 2436 943 2475 ne

215 2492 320 2550 Peccet
335 2496 371 2551 ad
385 2507 544 2552 extremum
557 2494 703 2568 ridendus,
717 2505 746 2552 et
760 2495 807 2552 ilie
821 2496 934 2553 ducet.'’
1082 2553 1087 2571 ,

214 2571 303 2629 Nunc
317 2574 410 2648 itaque
424 2585 453 2630 et
466 2593 563 2630 versus
577 2585 606 2632 et
619 2585 721 2632 caetere
735 2574 845 2631 ludicra
859 2594 950 2651 pono:
1122 2576 1160 2633 10

213 2651 294 2711 Quid
315 2671 411 2708 verum
435 2661 518 2728 etque
538 2653 645 2710 decens
665 2672 734 2711 curo
755 2663 784 2710 et
804 2673 881 2730 rogo,
895 2664 924 2711 et
940 2655 1034 2713 omnis
1054 2653 1084 2712 in
1104 2654 1160 2712 boc

292 2749 371 2787 sum:

213 2808 313 2866 Condo
327 2821 355 2866 et
369 2828 508 2885 compono
517 2829 579 2885 quae
593 2829 659 2869 mox
672 2812 836 2887 depromere
849 2810 962 2887 possim.

213 2889 269 2959 Ac,
283 2907 318 2944 ne
334 2886 404 2946 forte
419 2907 501 2964 roges
514 2909 570 2964 quo
583 2909 628 2946 me
642 2891 725 2962 duce,
739 2909 794 2966 quo
808 2891 866 2948 lare
879 2901 971 2948 tuter:

212 2966 326 3024 Nullius
341 2968 472 3024 addictus
482 2968 577 3044 jurare
591 2969 620 3025 in
632 2969 716 3026 verba
730 2969 866 3046 magistri,

210 3043 340 3107 Quosne
355 3065 467 3122 cunque
482 3047 554 3123 repit
567 3058 728 3123 tempestus,
742 3049 851 3106 deseror
865 3049 975 3125 hospes.
1122 3049 1159 3106 15

212 3124 241 3180 N
245 3145 301 3182 unc
316 3127 397 3202 agilis
412 3127 458 3196 fio,
472 3137 500 3183 et
514 3145 619 3184 mersor
634 3128 764 3184 civilibus
778 3128 872 3201 undis,

211 3203 331 3261 Virtutis
346 3224 417 3262 verae
432 3217 536 3276 custos,
551 3205 714 3281 rigidusque
728 3206 855 3264 satelles:

211 3281 240 3337 N
243 3302 299 3340 unc
313 3284 343 3340 in
358 3285 495 3360 Aristippi
510 3284 603 3340 furtim
619 3295 760 3359 praecepte
774 3285 894 3357 relabor,

211 3359 248 3416 Et
262 3362 331 3418 milri
345 3383 399 3434 res,
414 3383 470 3420 non
485 3381 530 3418 me
544 3362 627 3419 rebus
642 3363 807 3419 submittere
821 3381 915 3420 conor.

211 3437 249 3494 Ut
262 3459 318 3496 nox
331 3441 418 3516 longa
430 3443 531 3516 quibus
545 3440 636 3498 somni
648 3460 713 3517 pars
727 3441 814 3512 nulls,
828 3442 945 3516 diesque
1117 3443 1157 3501 20

211 3514 310 3590 longa
324 3519 433 3577 videtur
445 3539 517 3595 opus
531 3520 718 3588 debentibus3
740 3530 772 3576 ut
784 3520 863 3597 piger
878 3539 971 3578 annus

211 3592 328 3668 Pupillis
341 3616 411 3670 quos
425 3600 495 3654 dura
507 3599 610 3674 premit
623 3599 752 3656 custodia
765 3609 903 3657 matrum:

213 3671 262 3727 Sic
276 3674 345 3730 mihi
359 3677 438 3733 tarda
453 3675 543 3733 fluunt
557 3677 722 3753 ingrataque
736 3691 871 3753 tempore,
885 3697 947 3754 quoe
961 3699 1039 3756 spem

212 3750 425 3826 Consiliumque
440 3766 584 3826 morantur
598 3758 702 3832 agendi
716 3757 843 3832 gnaviter
857 3758 886 3814 id
915 3759 972 3816 uod
1007 3795 1009 3799 ·

212 3825 306 3902 AEqud
321 3831 492 3904 pauperibus
505 3835 628 3906 prodest,
643 3836 829 3912 locupletibus
844 3856 935 3912 seque,
1115 3837 1156 3896 25
