2756 4366
492 353 523 410 Q.
540 353 684 404 Hortarii
702 355 824 406 rusco}

435 493 506 558 Qua
517 515 577 558 non
589 497 694 555 notter
705 498 822 557 Hadria

319 573 421 652 Major,
435 575 532 633 tallere
545 595 596 633 seu
609 596 714 652 ponere
727 577 785 635 vult
799 578 877 637 freta.

436 653 534 715 Quem
547 657 645 714 mortis
658 656 753 713 timuit
766 657 895 736 gradum,

318 732 380 795 Qui
394 732 478 790 siccis
490 733 580 790 oculis
594 744 718 792 mansue
732 736 868 808 natantia,

436 810 498 873 Qut
511 811 581 870 vidit
593 831 672 870 mare
684 813 838 889 turgidum,
852 823 881 872 et

318 888 444 947 Insarnes
458 890 588 968 scopulos
602 890 835 950 Acroceraunia?

437 967 637 1045 Nequidquam
651 969 730 1028 Deus
744 971 864 1030 abscidit

262 1067 266 1076 ’
318 1045 448 1106 Prudens
460 1045 580 1106 Oceano
593 1049 764 1106 dissociabili

435 1124 552 1199 Terras,
565 1128 589 1183 si
602 1137 699 1184 tamen
712 1127 806 1204 impiae

318 1202 386 1262 Non
399 1205 544 1280 tangenda
555 1215 629 1262 rates
642 1206 802 1262 transiliunt
816 1205 894 1262 vada.

434 1283 540 1340 Audax
552 1283 649 1340 ornnia
661 1283 769 1359 perpeti

317 1359 397 1418 Gens
411 1361 536 1418 bumana
548 1361 605 1418 ruit
617 1380 669 1437 per
680 1362 813 1431 vetitum3
834 1361 913 1419 nefas
924 1361 932 1417 l

435 1438 540 1498 Audax
553 1439 644 1516 Iapeti
656 1459 749 1515 genus

317 1515 420 1593 Ignem
430 1517 527 1575 fraude
540 1519 616 1576 niele
629 1518 762 1594 gentibus
775 1518 878 1576 intulit.

434 1595 501 1653 Post
514 1596 610 1672 ignem
624 1597 746 1654 etheree
760 1597 845 1654 domo

318 1672 505 1746 Subductum,
519 1676 625 1734 macies
638 1685 667 1733 et
680 1693 753 1734 nova
766 1675 886 1733 febrium

432 1750 532 1809 Terris
545 1754 674 1812 incubuit
687 1755 804 1821 cohors;

316 1829 479 1904 semotique
491 1827 570 1904 prius
582 1832 663 1887 tarda
675 1831 832 1888 necessitas

434 1907 498 1964 Leti
512 1909 646 1982 corripuit
658 1910 789 1981 gradum.

315 1983 456 2061 Expertus
470 2002 590 2041 vacuum
604 1982 738 2041 Daedalus
751 1988 819 2042 abra

433 2061 540 2124 Pennis
552 2081 610 2120 non
625 2063 732 2120 homini
745 2061 827 2120 datis.

315 2140 445 2216 Perrupit
458 2141 623 2200 Acheronta
636 2141 797 2198 Herculeus
812 2141 896 2198 labor.
910 2169 914 2176 ·

432 2216 483 2274 Nil
497 2218 660 2275 mortalibus
673 2220 793 2278 arduum
806 2227 865 2275 ost:

261 2359 271 2372 ,
315 2296 427 2354 Ooelum
440 2296 532 2372 ipsum
542 2295 663 2373 petimus
676 2296 794 2354 stultiut
803 2316 811 2365 3
831 2314 926 2372 neque

433 2374 487 2432 Per
500 2386 627 2434 nostrum
640 2374 763 2450 patimur
776 2375 871 2432 scelus

314 2453 459 2513 Iracunda
473 2452 491 2509 J
492 2471 573 2511 ovem
586 2472 692 2530 ponere
703 2453 829 2511 fulmina.

573 2767 657 2826 ODE
670 2767 723 2826 IV.

404 2903 445 2940 An
465 2904 491 2946 L.
512 2905 660 2959 SEX'HUM,
679 2903 888 2946 consumunt.

198 3005 349 3062 uotum
354 2991 434 3084 (acris
447 3001 538 3084 hipins
551 3003 631 3079 grute
645 2992 793 3060 vicet-ets
806 3013 835 3060 et
848 2999 970 3074 Favoni,

277 3080 464 3157 Trahuutque
477 3083 568 3142 sinuas
580 3081 721 3140 machinae
734 3083 862 3151 carinas;

198 3162 244 3218 Ac
258 3179 350 3235 neque
360 3159 419 3236 jam
432 3161 549 3218 stabulis
561 3162 666 3238 gaudet
678 3179 777 3236 pecus,
791 3172 840 3218 aut
853 3171 945 3218 arator
959 3157 1035 3234 igni;

275 3237 340 3296 Nec
353 3250 432 3315 prata
446 3239 525 3298 cenis
538 3240 662 3297 albicant
674 3241 791 3316 pruinis.

197 3314 216 3373 J
218 3334 264 3373 am
277 3315 420 3390 Cytherea
432 3317 534 3455 cium
545 3319 623 3375 ducit
636 3319 746 3390 Venus,
760 3311 1038 3384 imminenteLuntl3
1117 3317 1138 3374 5

275 3391 444 3471 Junctaeque
488 3395 598 3473 ymphis
610 3396 715 3453 Gratim
729 3393 863 3451 decentes

197 3472 318 3532 Alterno
330 3483 434 3531 terram
447 3477 577 3550 quatiunt
588 3474 673 3552 pede,
686 3475 755 3530 dum
768 3471 868 3548 graues
881 3470 1039 3548 Cyclopum

276 3551 424 3610 Vulcanus
438 3555 540 3613 ardens
553 3555 610 3612 urit
622 3551 758 3611 officinas.

197 3629 285 3688 Nunc
299 3631 382 3686 decet
391 3639 440 3685 aut
452 3632 534 3689 viridi
547 3633 667 3692 nitidum
681 3641 765 3706 eaput
779 3630 916 3706 impedire
929 3639 1031 3704 myrto,

276 3707 336 3765 Aut
350 3706 427 3778 flare,
440 3718 522 3764 terrae
535 3729 619 3786 quem
633 3711 727 3769 sanant
738 3709 844 3767 solutae.
1103 3707 1140 3765 lu

201 3785 226 3844 N
231 3805 286 3844 unc
300 3797 329 3843 et
342 3785 371 3842 in
386 3786 524 3844 umbrosis
538 3786 638 3846 Fauno
652 3791 736 3844 decet
748 3787 892 3844 immolare
906 3785 990 3858 lucis,

278 3865 335 3922 Seu
348 3875 446 3941 poscet
460 3864 544 3940 aguit,
558 3865 617 3922 sive
631 3866 711 3924 malit
723 3865 813 3923 haedo.
