2706 4362
500 393 531 453 Q.
549 393 695 445 nouauit
713 393 836 444 rtacct

330 540 431 604 Quum
444 539 616 617 promineret
629 558 688 610 ore,
702 535 840 614 quantiam
854 547 969 596 exstant
982 536 1056 614 aqud
1121 537 1161 598 85
1257 569 1262 576 ·

489 619 636 694 Suspensa
649 629 745 675 mento
759 635 892 694 corpora:

330 700 440 757 Exusta
453 695 495 755 uti
509 697 634 754 medulla
647 709 677 754 et
690 696 801 770 aridum
812 696 894 771 jeour

462 835 464 840 ,
489 777 605 834 Amoris
618 787 694 833 esset
707 775 851 850 poculum,

330 855 519 916 Interminato
532 874 619 930 quum
634 854 722 912 semel
736 854 799 911 sure
813 854 878 912 oibo

489 934 685 1011 lntabuiasent
697 933 820 1010 pupulae.

324 1013 398 1072 ‘Nou
413 1013 537 1072 defuisse
551 1013 685 1070 mascula
698 1011 827 1069 libidinis

489 1092 703 1149 Ariminensem
718 1089 838 1163 Foliam,

331 1172 370 1230 Et
382 1171 472 1230 otiosa
485 1171 607 1228 eredidit
620 1169 765 1245 Neapolis,

489 1250 528 1308 Et
541 1268 626 1307 omne
641 1249 765 1304 ricinum
777 1247 921 1322 oppidum,

331 1331 408 1392 Quis
422 1329 525 1398 sidera,
541 1337 691 1384 excantata
704 1343 774 1383 voce
787 1324 940 1398 Thessala,

490 1406 658 1480 Lunamque
672 1405 745 1462 ooelo
758 1404 868 1480 deripit.

221 1555 223 1560 Ι
331 1485 391 1544 Hlo
405 1486 572 1543 inresectum
587 1504 661 1541 aava
674 1485 761 1541 dente
774 1483 861 1541 livido
914 1498 921 1511 ·

489 1563 612 1621 Canidia
625 1564 730 1622 rodens
743 1563 885 1639 pollicem,

331 1645 413 1707 Quid
427 1643 517 1703 dixitl
539 1653 587 1700 aut
601 1644 667 1718 quid
682 1643 795 1700 tacuit?
816 1647 834 1673 “
844 1642 873 1700 0
886 1641 972 1699 rebus
986 1642 1057 1700 meis

489 1721 557 1780 Non
573 1722 701 1780 infideles
716 1723 838 1794 arbitrae,

331 1801 400 1861 Nox
413 1813 442 1858 et
455 1801 550 1859 Diana
563 1819 626 1876 quae
641 1801 785 1859 silentium
799 1801 885 1877 regis,

492 1883 609 1938 Arcana
622 1900 710 1956 quum
724 1881 796 1938 fiunt
810 1899 910 1950 saora;

333 1960 433 2034 Nune,
447 1979 526 2018 nune
541 1960 654 2029 adeste3
676 1979 755 2016 nuno
770 1960 800 2017 in
814 1959 931 2017 hostiles
943 1958 1042 2018 domos

492 2039 567 2096 lram
581 2050 665 2114 atque
679 2055 787 2095 numen
801 2040 911 2096 vertite.

246 2183 250 2192 ι
332 2118 535 2176 Formidolosae
550 2119 618 2174 dum
633 2117 721 2173 latent
735 2117 812 2173 silvis
826 2117 902 2189 ferra,

491 2194 577 2251 Duloi
591 2213 690 2269 sopore
705 2194 857 2268 languidae,

333 2275 449 2344 Senem,
463 2272 538 2347 quod
552 2291 652 2329 omnes
666 2272 787 2344 rideant,
802 2272 963 2330 adulterum

489 2350 608 2409 Latrent
622 2351 780 2408 Suburanae
794 2371 892 2425 oanes,

332 2431 433 2490 Nardo
446 2442 626 2508 perunctum,
640 2429 723 2506 quale
738 2449 795 2488 non
809 2431 963 2507 perfectius

490 2509 566 2567 Meae
580 2510 735 2567 laborarint
748 2529 858 2568 manus.

332 2589 414 2652 Quid
429 2589 553 2646 aoniditl
574 2608 625 2647 our
639 2590 700 2646 dira
714 2590 841 2646 barbarae
855 2587 950 2648 minus

490 2668 613 2725 Venena
626 2666 739 2726 Medea
753 2669 858 2739 valent,

331 2748 448 2811 Quibus
462 2748 611 2823 superbam
627 2747 698 2824 sugit
712 2748 770 2805 ulta
782 2747 923 2824 pellicem,

491 2825 591 2902 Magni
606 2826 738 2884 Creontis
752 2826 848 2899 filiam,

331 2907 433 2969 Quum
447 2906 530 2983 palla,
545 2907 611 2963 tabo
626 2924 730 2962 munus
745 2906 895 2976 imbutum,
909 2923 1013 2963 noram

490 2984 630 3041 lucendio
644 2995 761 3060 nuptam
776 2984 911 3041 abstulitl

333 3064 421 3140 Atqui
435 3082 490 3120 nec
505 3064 592 3120 herba
606 3081 660 3120 neo
671 3065 762 3120 latens
777 3064 806 3121 in
818 3063 925 3140 asperis

491 3141 588 3199 Radix
602 3141 700 3199 sesellit
713 3162 759 3199 me
773 3142 851 3199 locis.

333 3221 473 3280 Indormit
486 3221 582 3278 unctis
595 3223 723 3279 omnium
738 3221 881 3278 eubilibus

490 3298 641 3358 Oblivione
655 3300 798 3376 pellicum.

333 3379 398 3437 Ab!
420 3378 472 3438 ab!
488 3378 596 3436 solutus
611 3379 736 3437 ambulat
749 3381 884 3438 venefica

492 3458 658 3516 Scientioris
672 3459 808 3516 carmine.

331 3534 401 3595 Non
416 3536 535 3609 usitatis,
551 3537 636 3610 Vare,
650 3538 822 3612 potionibus,

492 3616 521 3674 Ο
535 3618 624 3675 multa
638 3617 771 3674 fleturum
784 3617 884 3691 caputl

333 3694 381 3751 Ad
394 3713 441 3752 me
454 3715 599 3767 reourres;
620 3716 676 3752 neo
690 3706 789 3753 vocata
802 3713 885 3752 mens
898 3705 947 3753 tua

490 3773 594 3831 Marsis
608 3775 711 3833 redibit
724 3773 848 3831 vocibus.
1015 3809 1027 3842 0

332 3849 428 3927 Majus
440 3853 556 3926 parabo,
571 3853 664 3928 majus
677 3853 826 3910 infundam
840 3851 893 3911 tibi

492 3928 662 3988 Fastidienti
674 3931 818 4006 poculum.
