2756 4366
543 383 744 434 CARMINUM
761 385 828 436 LIB.
845 387 896 438 111.

591 556 593 563 ’
618 604 703 662 ons
723 575 807 666 xlv.

604 742 644 780 An
658 743 831 796 oscannum.

454 838 615 901 QUANTUM
629 833 715 898 distet
728 842 764 898 ab
777 843 887 902 Inacho
956 893 958 898 .

297 916 420 989 Codrus,
433 937 485 993 pro
497 918 589 993 patria
602 938 659 978 non
673 921 789 978 timidus
803 923 885 996 mori,

456 994 577 1068 Narras,
591 1009 620 1055 et
633 1000 724 1074 genus
738 999 833 1073 AEaci,
863 1061 867 1067 ,

296 1074 335 1133 Et
347 1086 474 1152 pugnata
488 1094 570 1133 sacro
583 1076 657 1134 bella
671 1078 724 1134 sub
737 1077 808 1136 Ilio:

454 1153 524 1216 Quo
538 1153 644 1212 Chium
657 1157 749 1234 pretio
762 1159 867 1215 cadum

296 1229 471 1304 Mercemur,
486 1233 550 1308 quis
563 1253 666 1309 aquarn
680 1240 819 1311 temperet
833 1237 957 1314 ignibus,

453 1311 524 1374 Quo
536 1313 680 1389 praebente
695 1315 812 1372 domurn
826 1327 855 1375 et
867 1317 955 1392 quoti

295 1389 421 1467 Pelignis
435 1409 548 1450 caream
563 1392 723 1468 frigoribus,
737 1405 824 1452 taces.

452 1469 499 1528 Da
512 1470 603 1528 Lunae
617 1470 735 1549 propere
750 1492 840 1546 novae,

295 1546 341 1605 Da
353 1547 457 1606 Noctis
470 1551 582 1622 mediae,
597 1551 643 1623 da,
656 1567 736 1626 puer,
750 1554 867 1628 auguris

454 1626 600 1686 Murenae:
621 1630 711 1687 tribus
725 1642 774 1688 aut
787 1651 890 1689 novem

295 1702 455 1763 Miscentur
469 1707 579 1780 cyathis
592 1709 696 1783 pocula
709 1711 875 1766 commodis.

453 1783 515 1843 Qui
530 1783 629 1839 Musas
640 1795 716 1840 amat
730 1786 861 1860 impares,

296 1858 410 1919 Ternos
423 1870 466 1918 ter
480 1862 597 1935 cyathos
611 1861 746 1919 attonitus
759 1873 836 1939 petet

452 1938 555 1996 Vates:
576 1950 633 1996 tres
646 1940 776 2016 prohibet
789 1960 874 2018 supra

294 2017 436 2075 Rixarum
449 2029 580 2075 metuens
600 2030 717 2094 tangere
731 2019 839 2093 Gratia,

452 2095 547 2154 Nudis
558 2097 657 2172 juncta
672 2099 820 2156 sororibus.

294 2173 426 2232 Insanire
437 2175 523 2250 juvat.
559 2176 618 2232 Cur
632 2176 831 2250 Berecynthio

450 2252 572 2310 Cessent
585 2253 700 2312 flamina
713 2254 811 2312 tibist

293 2330 353 2388 Cur
365 2331 471 2408 pendet
484 2332 571 2388 tacita
584 2331 678 2389 fistula
692 2351 759 2389 cum
772 2332 853 2409 lyra?

450 2408 605 2468 Parcentes
618 2429 672 2486 ego
684 2411 815 2469 dexteras

292 2486 367 2545 Odi:
389 2506 488 2564 sparge
502 2507 580 2546 rosas
589 2509 596 2557 ;
618 2489 715 2546 audiat
728 2489 842 2548 invidus

450 2565 621 2626 Dementem
635 2568 782 2643 strepitum
796 2568 900 2645 Lycus,

293 2642 331 2702 Et
344 2645 437 2704 vicina
451 2647 513 2705 seni
527 2667 585 2707 non
599 2647 700 2706 habilis
714 2647 801 2724 Lyco.

561 2825 852 2842 ·-———-—-—¹

622 2958 707 3018 ODE
725 2961 792 3021 XV.

523 3105 524 3108 ’
596 3095 634 3134 ΑΒ
648 3097 827 3138 nuruum.

371 3196 400 3254 0
414 3212 495 3254 unm
509 3210 623 3251 mecum
633 3194 751 3251 consule
766 3193 885 3268 Manlio,

371 3277 431 3334 Seu
444 3285 475 3333 tu
488 3270 628 3348 querelas,
642 3272 700 3329 sive
711 3273 786 3350 geris
796 3273 886 3350 jocos,

410 3355 470 3412 Seu
484 3353 573 3412 rixam
587 3362 617 3410 et
629 3353 745 3412 insanos
755 3372 875 3426 amores,

449 3435 509 3492 Seu
523 3431 645 3504 facilem,
659 3432 706 3508 pia
719 3444 800 3505 testa,
814 3449 956 3502 somnum,

369 3514 553 3588 Quocunque
566 3511 671 3569 lectum
686 3514 802 3571 nomine
816 3510 973 3575 Massicum

372 3593 484 3664 Servus,
499 3591 604 3650 moveri
619 3590 707 3666 digna
721 3591 795 3648 bono
809 3590 871 3649 die:
990 3604 992 3608 ’

410 3669 574 3741 Descende,
589 3669 713 3727 Corvino
723 3669 852 3744 jubente,

447 3749 581 3806 Promere
594 3747 773 3823 languidiora
786 3747 859 3809 vina

369 3825 438 3886 Non
453 3827 509 3898 ille,
524 3843 686 3902 quanquam
701 3826 853 3885 Socraticis
867 3829 962 3888 madet

370 3905 565 3978 sermonibus,
580 3914 608 3962 te
622 3905 749 3984 negliget
762 3907 908 3968 horridus:
