2756 4366
484 349 514 404 Q.
533 347 677 398 HORATII
694 348 818 398 FLACCI

357 491 496 565 Spargent
509 489 618 547 olivetis
631 492 756 562 odorem,

395 568 547 626 Fertilibus
561 569 675 641 domino
688 568 789 644 priori.

317 645 395 702 Tum
409 647 497 721 spissa
511 647 595 704 ramis
609 644 706 704 laurea
720 646 842 706 fervidos

317 721 457 782 Excludet
471 726 551 782 ictus.
593 725 660 782 Non
675 726 714 783 ita
727 725 845 783 Romuli

353 801 551 878 Praescriptum
565 814 593 861 et
607 805 712 864 intonsi
726 803 846 862 Catonis

394 881 549 957 Auspiciis,
563 894 744 959 veterumque
758 881 868 940 normd.

314 957 444 1018 Privatus
457 961 512 1018 illis
525 980 629 1018 census
641 973 702 1020 erut
715 960 818 1033 brevis,

314 1036 474 1095 Commune
488 1059 644 1114 magnum:
664 1040 743 1116 nulla
758 1033 940 1116 decempedis

354 1115 463 1174 Mutato
476 1118 589 1193 privetis
601 1137 720 1194 opacum

393 1194 522 1253 Porticus
536 1197 695 1272 excipiebat
708 1197 820 1256 Arcton
833 1216 840 1254 :

313 1267 344 1328 N
346 1291 380 1329 ec
394 1273 537 1330 fortuitum
552 1294 684 1350 spernere
698 1275 834 1350 cespitem

314 1349 406 1426 Leges
419 1353 558 1423 sinebant,
573 1353 676 1429 oppida
689 1353 804 1428 publico

354 1429 474 1505 Sumptu
485 1430 618 1505 jubentes
631 1441 660 1488 et
670 1432 788 1488 deorum

359 1553 362 1561 ,
391 1507 514 1584 Templa
527 1529 599 1568 novo
613 1511 748 1568 decorare
762 1526 837 1568 sexo.

553 1771 638 1878 OIlE
651 1820 738 1880 XIII.

529 1957 569 1996 An
591 1957 759 2000 GROSPHUM.

311 2053 417 2116 Omont
431 2056 509 2114 divos
523 2069 603 2133 rogat
616 2058 646 2114 in
660 2057 769 2134 patenti

311 2135 436 2193 Prensus
450 2136 560 2210 AEgaeo‚
576 2136 658 2192 simul
673 2147 733 2192 atro
747 2135 838 2192 nubes

311 2213 448 2271 Condidit
460 2213 567 2283 lunam,
582 2231 675 2286 neque
689 2224 766 2271 certe
780 2213 890 2289 fulgent
914 2265 917 2275 ,

506 2291 608 2348 Sidera
620 2291 730 2348 nautis:
912 2349 913 2356 χ

309 2368 410 2427 Otium
424 2368 497 2427 bello
511 2369 617 2427 furiosa
630 2369 756 2441 Thrace,
913 2356 920 2434 l.

309 2448 410 2506 Otium
425 2446 504 2506 Medi
518 2448 650 2525 pharetro
664 2449 770 2521 decori,

309 2529 448 2604 Grosphe,
463 2548 520 2585 non
534 2528 664 2603 gemmis,
679 2547 771 2604 neque
785 2524 910 2605 purpurd
922 2545 967 2588 ve·

505 2608 581 2678 nale,
597 2626 690 2681 neque
704 2626 781 2664 auro.

309 2683 377 2743 Non
392 2685 468 2742 enim
482 2703 572 2760 gazae,
586 2704 678 2760 neque
692 2685 849 2744 consularis

310 2765 476 2823 Summovet
488 2765 570 2822 lictor
583 2765 701 2822 miseros
714 2765 853 2822 tumultus

309 2842 426 2917 Mentis,
440 2855 469 2901 et
482 2862 565 2902 curas
578 2844 707 2919 laqueata
720 2845 830 2902 circum

505 2922 599 2980 Tecta
614 2922 746 2981 volantes.

309 3001 420 3059 Vivitur
434 3020 518 3077 parvo
533 3001 616 3073 bene,
631 3003 678 3058 cui
692 3013 842 3076 paternum

310 3080 446 3156 Splendet
459 3081 489 3136 in
502 3080 603 3136 mensd
617 3081 696 3137 tenui
710 3079 848 3138 salinum:

309 3157 375 3216 Nec
388 3158 465 3216 leves
478 3177 593 3216 somnos
606 3159 689 3216 timor
703 3171 752 3217 aut
765 3158 870 3234 cupido

507 3238 645 3295 Sordidus
659 3237 759 3295 aufert.

308 3315 389 3377 Quid
405 3317 481 3374 brevi
496 3316 581 3374 fortes
592 3316 750 3391 jaculamur
764 3334 822 3372 aevo

309 3392 422 3452 Multol
462 3394 542 3455 Quid
557 3405 646 3451 terras
660 3395 714 3450 alio
728 3393 853 3449 calentes

310 3473 376 3531 Sole
390 3474 550 3532 mutamusl
591 3472 692 3529 Petriae
706 3471 768 3546 quis
781 3469 861 3528 exsul

506 3553 545 3610 Se
558 3570 668 3626 quoque
681 3550 772 3626 fugitt

266 3635 269 3639 '
310 3629 430 3686 Scandit
444 3641 542 3687 aeratas
556 3631 654 3687 vitioso
667 3647 753 3686 naves

310 3707 404 3777 Cura3
425 3727 480 3766 nec
493 3720 600 3766 turmas
613 3709 739 3784 equitum
752 3705 894 3784 relinquit,

310 3783 399 3842 Ocior
413 3789 514 3857 cerviS,
528 3798 557 3844 et
570 3798 672 3862 ugente
686 3786 798 3846 nimbos

506 3863 593 3922 Ocior
608 3865 695 3925 Euro.
