2704 4362
79 395 83 406 .
179 347 236 406 178
503 343 534 400 Q·
552 341 697 392 nostru
714 340 837 390 FLACCI

217 486 271 544 llle
285 486 400 544 Bioneis
413 487 591 544 sermonibus
603 495 632 543 et
646 486 704 542 sale
718 483 807 559 nigro.

218 565 293 623 Tres
306 565 375 622 mihi
389 567 514 622 convivae
528 563 615 640 prope
630 563 779 621 dissentire
792 561 933 632 videntur,

217 644 372 702 Poscentes
386 645 463 700 vario
477 641 598 701 multirm
613 643 724 699 diversa
737 641 846 716 palato:

217 723 299 784 Quid
314 724 401 779 dent
422 725 489 796 quid
505 743 563 779 non
578 723 663 780 deml
684 721 781 778 renuis
794 731 825 776 tu
838 717 914 794 quod
925 717 1007 792 jubet
1020 719 1108 789 alten

217 802 306 862 Quod
320 801 402 876 petis,
416 803 444 857 id
460 800 529 860 sane
545 812 587 857 est
601 801 722 856 inrisum
736 799 906 872 acidumque
920 797 1047 854 duobus„

257 880 363 938 Praeter
377 891 488 952 catera,
503 900 549 937 me
560 879 699 936 Romane
713 880 847 953 poemata
859 893 960 932 censes
1122 875 1164 932 05

218 959 350 1016 Scribere
364 978 445 1033 posse
461 961 532 1016 inter
544 969 585 1014 tot
599 977 681 1014 curas
694 967 790 1030 totque
804 955 935 1016 laboresl

188 1039 190 1045 ’
218 1037 277 1094 llic
291 1056 424 1112 sponsum
439 1050 530 1109 vocat,
545 1039 592 1094 hic
605 1037 731 1094 auditum
746 1035 860 1110 scripta,
874 1032 979 1090 relictis
991 1081 993 1090 .

218 1115 362 1172 Omnibus
374 1116 490 1174 officiis:
511 1117 596 1173 cubat
611 1117 657 1172 bic
672 1116 701 1172 in
716 1113 788 1171 colle
801 1112 929 1182 Quirini,

218 1195 277 1252 Hic
292 1206 419 1252 extremo
433 1197 461 1252 in
477 1196 635 1262 Aventino;
656 1193 790 1250 visendus
804 1204 927 1265 uterque.

170 1275 172 1280 ’
219 1272 370 1330 Intervalla
384 1273 461 1331 vides
476 1272 599 1332 humane
614 1267 920 1330 commoda-Verum
1122 1269 1163 1326 70

218 1352 300 1409 Purae
314 1363 381 1408 sunt
395 1352 503 1426 platee,
518 1352 587 1410 nihil
603 1365 633 1408 ut
647 1351 850 1408 meditantibus
862 1349 1004 1407 obstet.-

219 1429 348 1488 Festinat
361 1431 471 1488 calidus
484 1432 567 1488 mulis
581 1431 741 1508 gerulisque
754 1430 930 1503 redemptor;

218 1509 346 1584 Torquet
360 1529 437 1566 nunc
451 1511 583 1586 lapidem,
598 1529 676 1570 nunc
689 1510 792 1584 ingens
805 1507 938 1564 machina
951 1508 1060 1583 tignum
1070 1527 1078 1577 ;,

217 1587 325 1646 Tristia
340 1589 460 1646 robustis
474 1590 616 1647 luctantur
630 1589 729 1646 lunera
741 1587 887 1662 plaustris;

218 1666 285 1723 Hac
299 1667 408 1724 rabiosa
423 1668 493 1743 sugit
507 1668 596 1739 canis,
612 1668 667 1725 haic
680 1667 819 1724 lutulenta
832 1665 888 1722 ruit
901 1684 965 1722 sus:
1122 1666 1162 1722 75

218 1744 233 1802 Ι
248 1765 335 1815 nunc,
350 1758 378 1803 et
392 1765 488 1802 versus
502 1757 597 1804 tecum
613 1747 748 1803 meditare
762 1764 889 1804 canoros.

220 1825 395 1899 Scriptorum
409 1825 512 1882 chorus
525 1826 618 1883 omnis
632 1836 708 1882 amat
721 1843 822 1880 nemus
836 1834 864 1880 et
878 1822 950 1898 sugit
964 1823 1057 1894 urbes,
1074 1860 1075 1866 κ

219 1900 289 1959 Rite
305 1903 394 1960 cliens
407 1903 514 1960 Bacchi
529 1923 629 1962 somno
642 1902 793 1980 gaudentis
806 1912 835 1958 et
848 1901 964 1958 umbri:

218 1979 268 2038 Tu
282 2000 327 2038 me
342 1983 414 2039 inter
428 1983 559 2056 strepitus
573 1993 726 2040 nocturnos
740 1992 823 2055 atque
837 1980 953 2036 diurnos

218 2059 271 2117 Vis
284 2079 397 2132 canere,
411 2072 439 2118 et
453 2073 597 2118 contracta
610 2060 690 2136 sequi
704 2059 821 2134 vestigia
836 2061 947 2115 vatuml
1122 2059 1164 2116 80

219 2137 382 2213 Ingenium,
396 2139 449 2196 sibi
463 2141 537 2214 quod
554 2159 656 2197 vacuas
669 2139 826 2213 desumpsit
838 2137 978 2208 Athenae,

219 2215 256 2274 Et
270 2217 371 2274 studiis
384 2237 474 2274 annos
487 2229 596 2293 septem
610 2219 698 2289 dedit,
712 2217 892 2290 insenuitque

218 2294 311 2352 Libris
324 2306 353 2352 et
366 2296 452 2366 curis,
466 2298 558 2353 statua
572 2297 741 2354 taciturnius
754 2295 811 2352 exit

185 2377 191 2390 '
217 2372 398 2449 Plerirmque,
413 2385 442 2430 et
455 2374 513 2432 risu
526 2376 659 2452 populum
674 2375 782 2451 quatit:
804 2371 852 2430 hic
866 2391 929 2448 ego,
943 2391 1036 2430 rerum

217 2453 367 2510 Fluctibus
382 2453 410 2509 in
418 2455 527 2520 ‚rnedris
540 2465 569 2510 et
582 2455 795 2530 tempestatibus
810 2453 897 2523 urbis,
1122 2451 1162 2509 85
1254 2526 1257 2530 ‚

217 2531 313 2588 Verba
326 2530 392 2606 lyrae
407 2543 517 2590 motura
531 2551 630 2590 sonum
646 2544 815 2590 connectere
830 2532 949 2606 dignerl

257 2607 355 2666 Frater
369 2627 429 2667 erat
442 2609 544 2668 Rornae
558 2613 679 2670 consulti
693 2613 797 2681 rhetor,
812 2621 843 2666 ut
857 2609 926 2666 alter

218 2686 345 2744 Alterius
359 2707 487 2746 sermone
502 2709 594 2747 meros
608 2691 718 2748 audiret
732 2690 852 2764 bonores
860 2707 868 2756 3

216 2767 365 2822 Gracchus
380 2779 411 2824 ut
425 2769 471 2827 bic
485 2769 526 2829 illi
540 2769 619 2840 soret,
635 2768 702 2826 huic
716 2778 747 2825 ut
761 2767 876 2824 Mucius
889 2766 945 2824 ille.
1198 2825 1201 2830 ,

216 2844 278 2906 Qui
292 2842 387 2902 minias
401 2859 514 2922 argutos
528 2860 610 2905 vexat
624 2849 699 2905 furor
714 2848 766 2905 iste
779 2847 900 2922 poetast
1122 2847 1163 2904 90

216 2923 353 2980 Carmina
367 2942 515 3000 compono,
531 2927 578 2982 hic
592 2927 704 3002 elegos:
726 2926 854 2984 mirabile
868 2925 939 2997 visu,

217 3003 410 3077 Caelaturnque
425 3022 527 3062 novem
542 3005 633 3061 Musis
643 3024 723 3080 opus.
765 3005 871 3080 Aspice
885 3001 1008 3079 primitm

215 3081 335 3144 Qucum
349 3100 415 3137 curn
431 3083 513 3155 fastu,
527 3095 632 3158 quanto
646 3084 792 3142 molimine
806 3084 926 3140 circum·

215 3171 377 3235 spectemus
392 3180 510 3218 vacuam
524 3161 665 3220 Romanis
679 3163 788 3222 ratibus
802 3164 900 3220 aedem.

160 3304 162 3308 ¹
216 3237 287 3295 Mox
299 3239 394 3310 etiam,
409 3239 432 3296 si
448 3238 519 3298 forte
534 3259 627 3312 vacas,
642 3261 769 3317 sequere,
784 3254 812 3300 et
825 3241 923 3317 procul
937 3241 1004 3298 audi
1122 3239 1163 3296 95

215 3317 297 3378 Quid
311 3317 383 3376 serat
396 3328 425 3374 et
437 3337 523 3392 quare
538 3318 591 3374 sibi
605 3331 701 3376 nectat
716 3332 831 3394 uterque
846 3339 987 3378 coronam.

216 3395 371 3467 Caedimur,
386 3407 414 3452 et
428 3398 545 3455 totidem
558 3397 649 3472 plagis
662 3399 857 3455 consumimus
871 3400 991 3468 hostem,

216 3472 308 3530 Leuto
322 3474 466 3534 Samnites
479 3477 515 3534 ad
528 3475 637 3532 lumina
650 3476 741 3550 prima
754 3476 855 3533 duello.

214 3549 342 3609 Discedo
356 3553 472 3610 Alcaeus
485 3566 593 3631 puncto
605 3554 694 3623 illius;
716 3554 763 3611 ille
777 3573 841 3612 meo
854 3556 937 3628 quisl

215 3626 302 3699 Quis,
316 3630 371 3688 nisi
384 3631 598 3691 Callimachusl
619 3634 642 3690 si
655 3633 718 3708 plus
732 3634 884 3707 adposcere
899 3634 984 3704 risus,
1108 3632 1165 3690 100

217 3704 265 3764 Fit
279 3705 478 3784 Mimnermus,
493 3723 521 3769 et
535 3713 629 3788 optivo
639 3712 810 3788 cognomine
823 3712 935 3770 crescit.

217 3780 310 3844 Multa
324 3785 393 3855 fero,
407 3799 438 3844 ut
451 3789 562 3863 placem
575 3809 667 3865 genus
681 3790 814 3847 irritabile
829 3799 934 3862 vatum,

215 3861 317 3924 Quum
331 3863 424 3920 scribo
437 3875 466 3922 at
478 3868 597 3941 supplex
610 3868 706 3944 populi
719 3868 854 3948 suffragia
866 3880 964 3946 capto:
