2706 4362
184 291 241 352 let
506 289 537 346 o
555 287 702 338 nonem
718 285 844 338 resecr

221 432 325 492 Gneus
338 433 392 490 iter
404 441 561 490 monstrare
575 431 658 490 velit:
679 441 775 490 umen
789 427 885 508 aspice
897 429 1003 508 siquid

221 510 259 570 Et
272 531 334 584 nos,
348 511 423 588 quod
436 529 520 568 cures
533 511 677 587 proprium
692 507 803 582 fecisse,
815 509 972 584 loquamur.
1153 512 1174 571 5

261 591 294 648 Si
307 601 336 648 te
349 601 429 667 grata
441 589 522 664 quies
534 601 564 647 et
576 590 695 666 primam
710 607 828 646 somnus
841 588 872 646 in
886 588 985 647 boram

221 669 369 739 Delectnt3
390 669 415 726 si
428 679 457 726 te
469 668 561 745 pulvis
575 667 763 745 strepitusque
777 677 911 739 rotarum,

222 749 255 806 Si
267 747 346 806 laedit
359 767 500 824 caupona,
514 747 700 806 Ferentinum
715 747 756 804 ire
766 745 890 821 jubebo:

220 825 298 885 Nam
308 846 401 904 neque
415 826 549 884 divitibus
562 827 733 902 contingunt
745 824 850 901 gaudia
863 823 942 894 solis;

221 904 286 963 Nec
300 907 368 964 vixit
381 903 466 977 mule,
480 905 528 980 qui
539 917 623 964 natus
636 904 814 1040 moriensque
828 903 934 962 fefellit.

759 1003 767 1040 r

223 985 255 1042 Si
268 986 401 1060 prodesse
415 984 481 1056 tuis,
495 981 638 1061 pauldque
651 982 757 1058 benign
790 1001 804 1038 s
817 982 910 1058 ipsum

220 1061 267 1120 Te
280 1074 401 1123 tractare
415 1064 500 1135 voles,
514 1065 635 1121 accedes
648 1062 742 1120 siccus
756 1061 792 1118 ad
803 1069 929 1119 unctum.

222 1147 240 1173 “
254 1142 285 1200 si
298 1145 450 1220 pranderet
459 1143 522 1200 olus
534 1143 683 1220 patienter,
697 1140 812 1217 regibus
826 1141 867 1197 uti

220 1219 319 1282 Nollet
332 1223 522 1299 Aristippus.’'
565 1226 582 1252 “
599 1222 630 1278 Si
644 1221 730 1278 sciret
742 1219 857 1295 regibus
870 1219 922 1292 uti,

221 1299 374 1360 Fastidiret
386 1302 460 1372 olus,
473 1300 522 1375 qui
536 1318 582 1357 me
597 1300 702 1360 notat.”
745 1297 843 1357 Utrius
856 1299 956 1356 borum

221 1380 317 1437 Verba
329 1381 431 1456 probes
444 1389 472 1436 et
486 1379 570 1447 secta,
584 1379 675 1448 doce;
696 1376 740 1434 vel
752 1376 848 1454 junior
862 1377 930 1434 audi

221 1457 281 1515 Gur
295 1459 331 1516 sit
344 1458 482 1534 Aristippi
495 1457 585 1534 potior
595 1456 745 1514 sententia.
786 1456 920 1532 Namque

221 1534 386 1594 Mordacem
401 1537 543 1612 Cynicum
557 1537 599 1594 sic
612 1535 754 1607 eludebat,
767 1547 800 1592 ut
812 1535 910 1592 siunt:

221 1618 239 1644 ‘⁸
253 1616 372 1673 Scurror
381 1635 436 1692 ego
449 1615 509 1692 ipse
522 1615 602 1688 mihi,
617 1615 721 1691 populo
733 1626 781 1684 tu;
802 1614 907 1674 rectius
920 1614 975 1673 hoc
989 1623 1018 1672 et

221 1693 404 1769 splendidius
417 1691 507 1752 multd
521 1705 579 1752 est:
600 1713 690 1770 equus
703 1705 735 1752 ut
747 1712 793 1752 me
806 1703 908 1770 portet,
919 1693 977 1751 alat
988 1711 1047 1765 rex,

220 1772 356 1831 Officium
371 1773 460 1843 sacio;
481 1784 512 1831 tu
525 1774 620 1850 poscis
633 1773 699 1831 vilia
712 1791 817 1844 rerum,

221 1849 316 1911 Dante
330 1853 432 1925 minor,
445 1853 573 1928 quamvis
586 1853 642 1911 sors
655 1865 684 1910 te
697 1853 803 1910 nullius
816 1853 975 1928 egentem.”

220 1931 324 1990 Omnis
337 1933 512 2009 Aristippum
527 1933 624 1990 decuit
637 1933 713 1990 color
727 1943 756 1990 et
769 1941 858 1989 status
870 1942 901 1988 et
913 1949 968 2002 res,
1007 1963 1009 1968 ·

221 2008 397 2068 Tentuntem
410 2011 526 2088 majora,
541 2008 600 2069 lere
614 2010 801 2088 presentibus
815 2029 935 2085 aequum.

221 2088 339 2160 contri,
353 2109 437 2164 quem
452 2090 560 2164 duplici
572 2109 668 2165 panno
680 2089 817 2166 patientia
831 2088 915 2161 relat,

221 2165 356 2238 Mirabor‚
372 2168 435 2224 vite
448 2168 494 2223 via
507 2167 532 2224 si
545 2186 682 2224 conversa
695 2168 817 2225 decebit.

221 2244 302 2302 Alter
315 2263 488 2320 purpureum
501 2264 560 2303 non
573 2245 751 2322 exspectabit
764 2245 911 2318 amictum,

219 2322 371 2384 Quidlibet
379 2323 496 2382 indutus
509 2323 694 2382 celeberrime
703 2343 754 2400 per
767 2323 829 2382 loca
843 2325 936 2398 vadet,

220 2401 430 2478 personamque
444 2404 515 2462 seret
528 2422 585 2460 non
600 2403 792 2462 inconcinnus
805 2414 969 2480 utramque:

220 2481 302 2538 Alter
316 2480 409 2540 Mileti
423 2493 528 2540 tentem
542 2501 615 2540 cane
627 2482 709 2560 pejus
721 2494 751 2542 et
764 2499 858 2559 angue

221 2560 330 2617 Vitabit
343 2561 539 2636 chlamydem3
560 2563 695 2620 morietur
706 2562 819 2638 frigore,
833 2562 857 2618 si
870 2581 928 2620 non

220 2637 378 2696 Rettuleris
391 2658 534 2715 pannum:
554 2640 638 2713 refer,
651 2651 680 2698 et
693 2640 755 2697 sine
768 2639 843 2697 vivat
856 2639 977 2715 ineptus.

259 2717 321 2774 Res
333 2737 432 2794 gerere
446 2730 475 2776 et
488 2730 585 2795 captos
598 2721 747 2777 ostendere
761 2718 870 2776 civibus
884 2718 988 2792 hostes,

220 2797 344 2874 Attingit
357 2797 457 2855 solium
472 2798 551 2856 Joris
564 2809 593 2856 et
606 2799 732 2856 coelestie
745 2807 850 2856 tentat:

219 2875 400 2951 Principibus
412 2877 553 2954 placuisse
570 2878 645 2950 viris,
660 2897 717 2936 non
728 2876 827 2935 ultima
840 2876 903 2936 laus
916 2887 967 2935 est.

219 2953 288 3013 Non
302 2954 392 3014 cuivis
406 2956 512 3015 bomini
526 2956 666 3033 contingit
679 2956 758 3013 edire
771 2956 949 3015 Corinthum.

221 3035 312 3106 Sedit,
322 3034 371 3109 qui
384 3035 477 3092 timuit
491 3054 529 3092 ne
542 3055 600 3092 non
614 3035 781 3093 succederet
792 3056 800 3104 ;
821 3046 901 3094 esto:

219 3113 321 3176 Quidl
341 3114 390 3189 qui
403 3114 541 3190 pervenit,
552 3114 657 3173 fecitne
671 3114 806 3173 viriliterl
827 3115 916 3190 Atqui

221 3191 280 3249 Hic
293 3203 346 3264 est,
361 3203 409 3249 sut
422 3211 571 3268 nusquam,
586 3194 660 3269 quod
674 3193 843 3268 querimus:
864 3193 912 3250 hic
923 3211 998 3251 onus
1009 3191 1115 3266 horret,

219 3269 259 3330 Ut
270 3270 362 3347 parvis
376 3270 478 3328 animis
488 3282 517 3328 et
529 3290 615 3347 perro
629 3291 745 3347 corpore
759 3273 869 3349 majus;

220 3349 279 3406 Hic
292 3349 367 3407 subit
380 3360 409 3407 et
421 3351 533 3425 perfert.
575 3351 636 3408 Ant
649 3350 737 3407 virtus
750 3370 855 3409 nomen
868 3351 954 3410 inane
967 3359 1020 3422 est,

220 3427 282 3485 Aut
294 3427 383 3485 decus
396 3438 425 3486 et
436 3429 558 3505 pretium
571 3426 650 3486 recte
663 3429 734 3505 petit
747 3431 896 3506 experiens
910 3430 959 3487 vir.

260 3505 364 3563 Corum
377 3526 444 3584 rege
458 3507 511 3564 sui
523 3508 560 3565 de
572 3519 737 3584 paupertate
750 3519 878 3567 tacentes

220 3581 289 3640 Plus
302 3595 437 3659 poscente
451 3586 550 3644 serent.
591 3585 695 3660 Distat,
707 3606 840 3644 sumasne
850 3586 999 3662 pudenter,
1080 3615 1082 3618 ·

221 3660 270 3717 An
283 3662 391 3737 rapias:
413 3665 490 3740 atqui
502 3685 597 3725 rerum
611 3677 697 3744 caput
709 3667 764 3724 hoc
777 3677 846 3737 erat,
861 3665 909 3722 hic
918 3665 993 3748 lons.

221 3736 384 3799 “indotata
397 3745 467 3802 mihi
480 3736 557 3804 iorer
571 3757 624 3818 est,
637 3745 810 3822 paupercula
824 3754 925 3817 mater,
950 3737 959 3744 ’

220 3814 260 3874 Et
272 3816 377 3876 fundus
389 3839 445 3878 nec
458 3824 617 3897 vendibilis,
631 3843 686 3882 nso
699 3841 816 3899 pascere
828 3820 954 3896 firmus,''
