2706 4362
154 322 212 384 138
479 315 510 373 c.
529 311 675 366 HORATII
691 289 817 364 ntroin

192 462 330 524 Mundior
343 463 434 520 exiret
447 460 494 518 vix
506 460 655 518 libertinus
669 454 797 515 honeste.

193 545 211 602 J
214 565 259 604 am
274 544 403 600 moechus
417 541 531 612 Romae,
542 540 601 615 jam
616 537 712 595 mallet
725 537 824 592 doctor
835 531 959 591 Athenis

193 623 308 696 Vivere,
323 621 500 691 Vertumnis,
514 627 652 694 quotquot
664 627 741 686 sunt,
756 627 840 671 natus
854 613 967 688 iniquis.

196 705 302 761 Scurra
315 700 495 770 Volanerius,
509 708 657 773 postquam
671 695 712 750 illi
724 695 800 770 justa
813 693 945 768 chiragra

195 781 334 840 Contudit
348 779 490 848 articulos,
505 777 553 852 qui
563 795 615 851 pro
628 793 660 831 se
672 773 783 830 tolleret
796 782 879 846 atque

194 859 322 919 Mitteret
336 860 365 916 in
378 859 507 935 phimum
521 856 602 927 talos,
617 852 750 910 mercede
764 851 868 908 diuma

194 940 377 997 Conductum
388 936 481 1013 pavit:
501 932 608 1010 quanto
623 931 797 990 constantior
811 930 888 987 idem

194 1017 230 1076 In
245 1018 329 1090 vitiis,
343 1014 423 1075 tanto
437 1013 528 1072 levius
541 1013 636 1084 miser,
651 1031 686 1068 ac
699 1011 775 1086 prior
788 1009 836 1068 illo

192 1097 255 1160 Qui
266 1098 324 1173 jam
339 1106 484 1167 contento,
496 1094 555 1170 jam
569 1093 643 1163 laxo,
658 1091 726 1147 fune
740 1089 855 1147 laborat.

575 1242 720 1276 nonanus

194 1335 261 1471 {on
274 1335 354 1471 qieqs
368 1334 452 1392 hodie
465 1348 599 1407 quorsum
613 1331 676 1387 haec
690 1340 748 1386 tam
761 1328 861 1404 putida
873 1326 1002 1398 tendant,

221 1433 282 1472 urci
293 1433 324 1471 er

599 1537 695 1572 DAVUS.

391 1627 439 1685 Ad
452 1638 492 1700 te,
505 1627 630 1702 inquam.

534 1807 536 1814 ¹
573 1797 718 1832 nonanus.

627 1884 698 1947 Quo
710 1894 803 1960 pacto,
817 1883 959 1960 pessime?

600 2036 695 2069 DAVUS.

873 2169 875 2175 .
1028 2121 1143 2182 Laudas

194 2203 348 2262 Fortunam
362 2214 392 2260 et
405 2221 496 2260 mores
507 2201 629 2276 antiquae
642 2201 749 2276 plebis;
770 2211 799 2258 et
813 2201 900 2273 idem,

194 2284 226 2342 Si
240 2285 302 2360 quis
318 2284 352 2339 ad
367 2282 415 2338 illa
429 2282 499 2337 deus
513 2277 607 2337 subito
622 2291 650 2336 te
664 2289 739 2354 agat,
753 2298 842 2354 usque
852 2299 968 2339 recuses
976 2300 984 2350 ;

193 2365 255 2420 Aut
268 2363 334 2438 quia
348 2381 405 2418 non
419 2361 516 2430 sentis,
530 2361 605 2434 quod
620 2357 737 2432 clamas,
751 2360 857 2416 rectius
871 2379 944 2434 esse,
1102 2361 1141 2418 25

193 2443 254 2500 Aut
268 2443 333 2518 quia
347 2459 403 2498 non
417 2439 515 2496 firmus
529 2449 639 2497 rectum
653 2437 792 2511 defendis,
807 2450 835 2495 et
849 2441 949 2512 heres,

193 2520 393 2596 Nequidquam
407 2537 489 2576 coeno
503 2518 622 2594 cupiens
635 2517 755 2575 evellere
769 2517 903 2592 plantam.

193 2601 296 2657 Romae
310 2617 358 2654 rus
371 2609 466 2672 optas3
488 2597 634 2654 absentem
649 2597 771 2654 rusticus
785 2597 885 2653 urbem

193 2678 284 2735 Tollis
299 2679 334 2734 ad
349 2688 422 2733 astra
436 2675 515 2732 levis.
557 2676 589 2732 Si
603 2695 742 2752 nusquam
756 2695 787 2733 es
802 2672 874 2732 sorte
889 2688 1005 2734 vocatus

193 2758 241 2814 Ad
256 2775 377 2828 coenam,
392 2754 492 2812 laudas
505 2773 639 2813 securum
652 2757 729 2814 olus:
751 2775 794 2829 ac,
810 2754 887 2812 velut
901 2771 1021 2830 usquam
1101 2755 1140 2812 30

192 2837 314 2894 Vinctus
328 2855 386 2907 eas,
401 2836 481 2892 itate
495 2835 609 2892 felicem
623 2836 705 2907 dicis,
719 2852 860 2910 amesque,

191 2914 280 2977 Quod
295 2934 433 2990 nusquam
445 2915 496 2972 tibi
510 2915 546 2970 sit
559 2916 724 2990 potandum.
765 2913 783 2969 J
786 2914 887 2973 usserit
900 2915 937 2973 ad
951 2933 982 2972 se

192 2994 337 3052 Maecenas
351 3012 446 3050 serum
460 2993 512 3050 suh
526 2994 635 3050 lumina
647 2993 740 3068 prima
753 2993 848 3050 venire

191 3075 362 3142 Convivam3
386 3078 403 3103 “
414 3071 537 3130 Nemon'
553 3074 646 3130 oleum
664 3071 733 3129 leret
746 3070 847 3130 ocidsl
868 3073 964 3147 ecquis

190 3155 282 3210 Audit
288 3155 318 3210 l''
334 3171 400 3210 cum
414 3171 520 3228 magno
533 3153 654 3209 blateras
668 3152 799 3224 clamore,
814 3151 947 3226 furisque.
1101 3151 1140 3208 35

191 3231 307 3290 Milvius
321 3242 349 3288 et
363 3249 477 3303 scurrae,
493 3230 543 3290 tibi
557 3250 615 3288 non
629 3231 777 3288 referenda
791 3230 907 3306 precati,

189 3310 357 3368 Discedunt.
399 3309 515 3368 Etenim
530 3311 617 3366 fateor
631 3329 687 3380 me,
702 3309 802 3367 dixerit
816 3309 873 3381 ille,

190 3389 265 3446 Duci
279 3402 376 3447 ventre
391 3389 482 3446 levem
491 3410 499 3458 ;
520 3407 620 3446 nasum
637 3389 735 3444 nidore
750 3389 881 3463 supinor3

190 3465 364 3539 Imbecillus
378 3468 464 3540 iners,
479 3469 502 3525 si
516 3468 584 3542 quid
598 3469 650 3538 vis,
664 3467 747 3538 adde,
760 3469 872 3543 popino.

189 3545 247 3615 Tu,
261 3565 347 3620 quum
360 3547 399 3603 sis
412 3549 485 3624 quod
501 3567 565 3624 ego,
579 3559 607 3604 et
622 3546 746 3603 fortassis
759 3547 886 3622 nequior,
901 3545 974 3604 ultro
1101 3544 1140 3602 40

190 3622 344 3696 Insectere,
359 3626 435 3682 velut
448 3627 567 3683 meliorl
588 3625 736 3701 verbisque
750 3626 860 3682 decoris

189 3701 330 3760 Obvolvas
344 3705 442 3761 vitium
454 3707 463 3761 l
503 3705 595 3776 Quid,
609 3706 631 3762 si
647 3725 693 3762 me
707 3705 814 3762 stultior
828 3703 900 3778 ipso,

188 3780 365 3856 Quingentis
378 3796 473 3857 empto
487 3784 640 3856 drachmis,
655 3781 859 3860 deprenderisl
901 3781 992 3840 Aufer

189 3857 240 3915 Me
253 3858 330 3915 vultu
344 3869 467 3928 terrere3
490 3879 607 3917 manum
621 3862 853 3938 stomachumque
866 3871 974 3932 teneto,
