2706 4362
135 293 192 357 112
457 286 489 345 c.
506 284 651 339 noman
668 284 793 335 rancor

162 429 208 492 ‘ln
220 432 318 491 silvam
332 449 389 490 non
403 430 480 507 ligna
494 431 567 488 ferar
581 427 719 501 insanihs,
733 427 806 486 acsi

172 511 222 570 Me
264 531 296 568 as
308 511 472 568 Graecorum
486 510 567 567 malis
581 509 698 585 implere
712 500 858 564 catervas?

211 531 358 665 iirgidus
372 587 495 663 Alpinus
505 588 617 664 jugulat
630 588 697 644 dum
712 583 878 658 Memnona,
889 584 1015 662 dumque

170 667 302 744 Diffingit
316 667 413 724 Rheni
428 668 535 724 luteum
550 679 646 742 eaput,
659 667 721 722 haec'
735 683 789 740 ego
802 663 881 736 ludo,

170 746 247 810 Quae
261 765 316 806 nec
329 745 359 804 in
374 743 451 804 AEde
463 757 565 802 sonent
576 744 725 814 certantia,
732 742 830 818 judice
844 741 954 818 Tarph,

170 825 236 883 Nec
249 825 368 884 redeant
381 825 483 881 iterum
497 836 580 899 atque
594 823 695 880 iterum
707 822 862 896 spectanda
875 822 1000 896 theatris.

123 947 126 972 ;
171 904 283 980 Argutis
299 903 446 960 meretrice
459 914 548 978 potes,
562 901 697 977 Davoque
712 901 865 959 Chremeta
924 921 925 928 ¹

171 981 314 1039 Eludente
327 1000 437 1052 senem,
450 981 539 1038 comis
553 981 658 1057 garrire
672 979 791 1050 libellos,
859 1031 861 1034 .

170 1060 253 1118 Unus
266 1061 403 1131 vivorum,
418 1059 567 1116 Fundani:
589 1057 679 1115 Pollio
691 1075 790 1132 regum

99 1157 104 1198 ἱ
123 1173 126 1178 ,
171 1138 261 1197 Facta
274 1138 363 1210 canit,
376 1138 449 1213 pede
463 1149 505 1194 ter
518 1155 667 1213 percusso:
688 1136 759 1193 sorte
774 1153 842 1212 epos
855 1154 932 1209 acer,

98 1221 105 1300 ,7
170 1215 210 1278 Ut
223 1238 317 1290 nemo,
332 1217 436 1275 Varius
450 1215 544 1273 ducit:
566 1215 650 1273 molle
665 1226 747 1290 atque
762 1215 885 1273 facetum

172 1297 293 1372 Virgilio
307 1307 470 1353 annuerunt
482 1296 640 1371 gaudentes
653 1313 719 1351 rure
732 1293 886 1352 Oamoenae.

116 1429 122 1446 ,
172 1375 237 1436 Hoc
251 1387 320 1446 erat,
333 1385 451 1450 experto
464 1368 566 1432 frustrd
578 1375 705 1432 Varrone
720 1373 844 1431 Atacino

171 1454 267 1529 Atque
277 1454 445 1528 quibusdam
459 1452 531 1524 aliis,
545 1452 647 1510 melius
660 1452 734 1526 quod
749 1451 873 1511 scribere
887 1471 1010 1528 possem,

171 1530 322 1590 Inventore
333 1533 441 1590 minor:
462 1551 554 1606 neque
568 1551 622 1608 ego
635 1531 676 1588 illi
690 1531 838 1588 detrahere
852 1531 944 1588 ausim

172 1610 338 1669 Haerentem
353 1612 439 1687 capiti
454 1611 545 1668 multia
557 1629 623 1667 cnm
638 1609 723 1667 laude
737 1628 879 1670 coronam.

123 1754 125 1772 ν
210 1689 251 1746 At
264 1690 322 1748 dixi
337 1690 423 1748 lluere
439 1692 516 1748 hunc
529 1689 711 1761 lutulentum,
726 1684 801 1764 sepe
817 1688 953 1748 ferentem

171 1767 257 1825 Plura
270 1769 384 1842 quidem
399 1770 525 1828 tollenda
538 1768 747 1843 relinquendis:
768 1785 831 1842 age,
845 1786 950 1844 quaeso,

170 1844 220 1903 Tu
233 1848 304 1905 nihil
318 1848 347 1904 in
362 1867 466 1923 magno
480 1849 581 1906 doctus
591 1842 739 1924 reprendis
754 1844 900 1904 Homerol

168 1919 220 1982 Nil
234 1927 324 1984 comis
337 1927 437 2002 tragici
448 1938 538 1984 mutat
551 1926 681 1984 Lucilius
694 1923 770 1984 Acci
778 1925 791 1982 t

169 2003 237 2062 Non
251 2006 324 2062 ridet
337 2024 433 2062 versus
447 2004 525 2062 Enni
539 2006 675 2080 gravitate
689 2005 822 2075 minores,

168 2081 269 2160 qurn
284 2084 320 2140 de
334 2102 364 2140 se
375 2084 506 2157 loquitur,
521 2103 578 2141 non
593 2095 624 2141 ut
638 2083 743 2158 majore
757 2079 920 2158 repressis?

168 2159 249 2221 Quid
264 2171 339 2218 vetat
352 2172 380 2218 et
394 2172 514 2232 nosmet,
529 2159 623 2218 Lucili
638 2161 742 2236 scripta
755 2159 892 2236 legentes,

167 2237 306 2299 Querere
320 2257 388 2295 num
403 2239 488 2310 illius,
502 2257 571 2294 num
586 2258 690 2311 rerum,
703 2239 774 2295 dura
788 2240 901 2315 negsirit

168 2315 332 2374 Versiculos
346 2327 446 2374 natura
460 2313 551 2392 magis
566 2317 666 2388 factos,
678 2328 707 2374 et
720 2329 821 2375 euntes

168 2393 294 2467 Mollihs,
308 2415 342 2452 uc
356 2396 380 2454 si
394 2396 589 2472 quis,pedibus
603 2396 671 2470 quid
685 2395 818 2454 claudere
832 2396 919 2468 senis,

169 2472 234 2531 Hoc
247 2472 358 2532 tantiam
383 2487 544 2548 contentus,
559 2487 634 2533 amet
648 2475 794 2550 scripsisse
807 2476 946 2532 ducentos

168 2552 246 2608 Ante
260 2553 356 2610 cibum
370 2573 476 2626 versus,
491 2555 608 2612 totidem
623 2565 752 2610 coenatus
760 2573 770 2624 ς
790 2553 926 2612 Hetrusci

167 2628 263 2690 Quale
277 2631 329 2688 fuit
342 2630 426 2688 Cassi
440 2633 537 2706 rapido
552 2633 704 2690 ferventius
719 2632 794 2689 amni

167 2706 330 2784 Ingenium,
343 2711 434 2787 capsis
447 2729 530 2785 quem
547 2711 620 2768 sarna
633 2722 675 2768 est
688 2730 752 2768 esse
765 2709 899 2784 librisque

168 2789 339 2845 Ambustum
352 2789 490 2865 propriis?
524 2787 623 2848 Fuerit
635 2789 778 2861 Lucilius,
792 2789 919 2863 inquam,

167 2863 308 2925 Comis‘et
322 2868 465 2938 urbanus;
488 2868 572 2926 luerit
585 2869 706 2926 limatior
720 2869 806 2942 idern,

167 2943 265 3008 uuum
281 2947 358 3004 rudis
372 2957 400 3004 et
413 2947 523 3004 Graecis
537 2947 636 3006 intacti
650 2948 784 3005 carminis
799 2958 907 3020 auctor,

166 3022 320 3100 Quhmque
334 3029 483 3101 po'e'tarum
497 3025 640 3084 seniorum
655 3027 736 3085 turba
746 3027 818 3084 :sed
833 3026 892 3099 ille,

167 3103 199 3160 Si
213 3104 283 3162 soret
298 3105 353 3162 hoc
366 3115 494 3162 nostrum
509 3105 566 3162 sato
580 3107 683 3163 dilatus
697 3106 727 3162 in
741 3124 844 3178 arvum,

167 3181 315 3240 Detereret
329 3183 382 3240 sibi
396 3184 501 3253 multa;
522 3185 661 3242 recideret
674 3203 759 3241 omne
773 3185 848 3260 quod
862 3183 935 3242 ultra

166 3259 327 3318 Perfectum
340 3263 513 3331 traheretur;
535 3273 563 3319 et
577 3263 607 3319 in
622 3281 703 3318 versu
719 3263 849 3320 faciendo

105 3357 109 3380 ³
167 3337 249 3414 Seps
265 3351 350 3414 caput
364 3341 502 3411 scaberet,
516 3340 592 3396 vivos
603 3351 631 3397 et
645 3340 757 3397 roderet
770 3359 889 3415 ungues.

206 3415 290 3493 Septi
305 3419 409 3494 stylum
422 3430 523 3490 vertas,
538 3417 650 3488 iterum,
664 3435 727 3492 quae
741 3419 827 3493 digna
841 3419 900 3494 legi
915 3418 981 3492 sint,

167 3493 338 3568 Scripturus,
352 3515 454 3573 neque,
469 3508 497 3554 te
510 3507 542 3554 ut
555 3497 672 3554 miretur
686 3496 778 3568 turba,
793 3495 913 3568 labores,

166 3570 325 3630 Contentus
337 3577 436 3650 paucis
449 3577 610 3635 lectoribus.
645 3576 693 3631 An
708 3586 757 3632 tua
770 3575 889 3633 demens

165 3648 279 3706 Vilibus
289 3652 318 3708 in
332 3652 408 3712 ludis
423 3655 524 3713 dictari
538 3655 665 3714 carmina
679 3653 777 3711 malisl
1074 3653 1114 3710 75

165 3725 232 3786 Non
243 3746 312 3803 ego:
334 3750 400 3788 nam
415 3731 482 3791 satis
496 3745 539 3792 est
550 3734 681 3810 Equitem
693 3733 762 3791 mihi
774 3731 919 3808 plaudere,
930 3743 961 3791 ut
970 3731 1074 3805 audes,

165 3804 343 3883 Contemptis
356 3810 429 3882 aliis,
443 3813 556 3888 explosa
571 3814 733 3872 Arbuscula
746 3813 825 3872 dixit.
