2756 4366
539 355 740 404 CARMINUM
757 356 823 406 LIB.
841 359 890 407 111.

414 499 475 556 Aut
488 497 592 555 crescit
606 497 728 555 Albanis
741 499 771 556 in
786 499 882 556 herbis

452 577 587 649 Victima,
602 577 768 654 pontificum
783 597 898 636 secures

375 654 494 714 Cervrce
508 655 608 732 tinget.
643 655 689 713 Te
704 656 775 714 nihil
789 658 890 733 attinet

374 733 502 792 Tentare
517 733 607 792 rnult'd
621 735 701 792 caede
715 735 874 795 bidentium

415 814 520 871 Parvos
534 824 719 873 coronantem
732 815 842 873 marino

455 892 535 949 Rcre
549 894 628 966 deos
644 893 789 968 fragilique
803 904 902 970 myrto.

377 969 519 1028 Immunis
532 971 610 1028 aram
624 972 647 1028 si
661 972 755 1047 tetigit
768 992 879 1045 manus,

376 1048 445 1108 Nou
459 1051 625 1124 sumptuosa
639 1050 766 1108 blandior
780 1053 883 1126 hostia,

416 1127 539 1186 Mollivit
553 1147 666 1186 aversos
679 1129 801 1188 Penates

455 1205 543 1269 Farre
556 1207 604 1282 pio
614 1221 643 1265 et
656 1208 776 1266 saliente
789 1208 873 1266 mici.

606 1522 691 1580 ODE
704 1523 821 1581 XVIII.

445 1631 455 1642 ’
553 1660 587 1698 in
608 1660 728 1698 nrvrrus
749 1660 872 1699 aranos.

495 1756 641 1828 quacurs
654 1759 813 1832 opulentior

337 1835 496 1896 Thesauris
509 1835 640 1893 Arabum
653 1847 682 1892 et
696 1836 789 1893 divitis
803 1835 904 1908 India,
981 1863 983 1870 v

498 1913 654 1976 cementis
667 1913 735 1973 licet
747 1934 871 1992 occupes

336 1993 520 2071 Tyrrhenum
533 2013 622 2053 omne
633 1994 689 2054 tuis
702 2006 731 2052 et
744 2014 821 2053 mare
835 1993 1010 2071 Apulicum3

495 2073 528 2130 Si
542 2073 604 2148 figit
617 2074 814 2132 adamantinos

269 2199 272 2204 .
336 2153 463 2211 Summis
476 2152 629 2210 verticibus
643 2152 705 2210 dira
717 2152 882 2212 Necessitas

494 2230 607 2303 Claros,
622 2250 679 2289 nou
694 2232 819 2290 animum
834 2242 923 2305 metu,

334 2309 402 2369 Non
416 2311 515 2369 mortis
528 2310 636 2386 laqueis
649 2311 783 2386 expedies
797 2323 889 2387 caput.

493 2389 675 2465 Campestres
689 2387 791 2448 meliirs
805 2391 929 2465 Scythae,

333 2467 466 2530 Quorum
480 2468 605 2544 plaustra
618 2487 704 2545 vagas
717 2466 770 2527 rite
784 2470 900 2528 trahunt
913 2469 1021 2543 domos,

493 2548 611 2620 Vivunt,
625 2557 655 2606 et
667 2547 752 2624 rigidi
765 2547 848 2608 Getae·
855 2570 863 2620 ;

335 2624 485 2685 Immetata
498 2627 600 2702 quibus
610 2627 711 2704 jugera
725 2627 828 2686 liberas

491 2706 602 2784 Fruges
615 2718 644 2765 et
658 2707 793 2766 Cererem
808 2709 911 2782 ferunt,

334 2783 363 2842 N
365 2803 399 2842 ec
413 2785 524 2842 cultura
536 2787 630 2861 placet
643 2786 753 2862 longior
767 2788 864 2846 annua
871 2807 879 2856 3

493 2862 726 2939 Defunctumque
739 2863 881 2922 laboribus

336 2940 451 3016 AEquali
465 2951 574 3000 recreat
587 2955 661 3000 sorte
675 2943 803 3002 vicarius.

495 3018 559 3076 Illic
573 3032 662 3079 matre
676 3022 838 3080 carentibus

256 3142 257 3156 r
335 3097 477 3174 Privignis
490 3097 592 3155 mulier
605 3109 743 3173 temperat
756 3101 909 3170 innocens;

495 3174 562 3234 Nec
575 3175 671 3233 dotata
685 3176 757 3252 regit
771 3176 861 3232 virum

335 3256 459 3333 conjux,
473 3275 529 3314 nec
543 3255 632 3315 nitido
645 3253 706 3313 fidit
720 3254 865 3313 adultero:

494 3335 554 3393 Dos
568 3345 611 3392 est
624 3353 728 3412 magna
741 3333 901 3411 parentium

343 3414 451 3491 Virtus,
465 3425 494 3473 et
508 3424 637 3473 metuens
651 3415 766 3474 alterius
780 3414 840 3492 viri.

493 3494 579 3554 Certo
593 3495 698 3552 foedere
713 3493 837 3565 castitas,
888 3528 890 3532 -

336 3572 375 3630 Et
386 3591 507 3650 peccare
522 3572 610 3645 nefas,
625 3583 674 3630 aut
687 3571 809 3647 pretium
823 3569 920 3628 emori
955 3626 962 3638 ,

493 3651 522 3709 0
535 3651 660 3727 quisquis
674 3649 748 3706 volet
762 3648 862 3724 impias

336 3729 448 3802 Gades,
462 3741 492 3788 et
504 3731 611 3788 rabiem
625 3729 724 3787 tollere
738 3727 868 3802 civicam,

495 3810 527 3866 si
540 3818 647 3884 quaeret
658 3817 737 3883 pater
751 3807 870 3866 urbium

337 3885 607 4000 Subscribi*statuis,
620 3886 786 3946 indomitam
800 3887 902 3950 audeat
