2756 4366
522 332 554 390 Q.
570 331 717 383 HORATII
733 331 858 383 mccl

622 552 707 612 ODE
719 553 759 612 X.

587 689 628 734 nn
641 647 793 731 nouenos.
854 721 858 726 .

353 785 509 850 Heracome
523 790 589 862 ritu,
608 785 694 873 modi>
708 789 811 863 dictus,
825 810 843 849 o
855 790 947 869 plebe,

354 865 448 925 Morte
462 867 590 926 venalem
603 868 719 944 petiisse
732 869 853 943 laurum,

351 943 450 1004 Caesar
464 946 595 1023 Hispana
608 948 710 1022 repetit
722 948 846 1004 Penates

588 1024 688 1086 Victor
702 1024 739 1082 ab
751 1026 810 1083 ora.
850 1075 852 1078 .

352 1099 446 1158 Unico
458 1104 588 1177 gaudens
601 1102 702 1162 mulier
715 1105 816 1161 marito
911 1135 919 1143 ·=
969 1136 971 1141 .

351 1178 483 1252 Prodest,
494 1180 578 1256 justis
591 1187 707 1256 operata
719 1182 806 1254 divis;
964 1179 981 1203 ”⁹

352 1253 390 1314 Et
403 1275 480 1316 soror
494 1259 565 1316 clari
578 1259 679 1315 ducis:
700 1269 728 1324 et
742 1258 853 1315 deoorae
884 1303 886 1308 .
941 1264 951 1272 ’“
964 1287 978 1296 -ν

589 1333 724 1408 Supplice
738 1335 808 1392 vitta

352 1410 505 1488 Virgiuurn
518 1421 622 1470 matres
632 1412 826 1489 juvenumque
839 1432 930 1491 nuper

351 1489 506 1566 Sospitum.
548 1490 618 1563 Vae,
632 1491 754 1567 o'pueri‚
768 1503 797 1550 et
809 1493 911 1569 puellae

352 1567 371 1624 J
373 1587 419 1626 aru
432 1569 523 1626 virum
536 1581 669 1646 expertae,
683 1568 760 1628 male
774 1571 906 1628 eminetis

588 1648 701 1706 Parcite
715 1650 816 1706 verbis.

353 1724 412 1781 Hic
426 1725 487 1782 dies
501 1723 567 1784 vere
581 1727 652 1784 mihi
667 1727 754 1784 festus
766 1740 842 1785 atras

351 1801 467 1860 Eximat
480 1821 580 1862 curas:
600 1823 655 1879 ego
669 1823 724 1860 nec
737 1806 900 1878 tumultum,

351 1878 417 1938 Neo
430 1881 503 1938 mori
516 1882 636 1956 pervim
651 1893 786 1955 metuam,
800 1893 915 1954 tenente

589 1959 703 2017 Caesare
718 1972 813 2018 terras.

354 2036 380 2108 1,
395 2047 460 2112 pete
474 2056 513 2095 un
555 2049 663 2111 cutum,
677 2059 757 2115 puer,
771 2050 800 2096 et
813 2057 943 2112 coronas,

351 2113 390 2174 Et
402 2115 507 2172 cadum
514 2057 610 2174 {lami
624 2136 777 2174 memorem
791 2118 888 2190 duelli,

353 2193 521 2271 Spartacum
535 2195 559 2252 si
573 2194 629 2268 qula
642 2197 732 2270 potuit
745 2205 895 2270 vagantem

588 2270 699 2330 Fallere
712 2283 792 2340 testa.

353 2350 409 2409 Dic
422 2361 452 2408 et
465 2360 571 2426 argute
584 2361 715 2426 properet
727 2350 839 2408 Neaerae

352 2427 533 2503 Myrrhinam
547 2429 623 2487 uodo
636 2429 769 2487 cohibere
783 2430 908 2490 crinem:

353 2507 386 2564 Si
398 2525 448 2582 per
462 2507 584 2566 invisum
597 2526 676 2566 mora
686 2508 837 2584 janitorem

589 2585 663 2658 Fiet,
678 2588 761 2644 abito.

352 2661 438 2721 Lenit
450 2663 600 2722 albescens
613 2665 724 2721 animos
739 2665 856 2740 capillus

353 2739 460 2799 Litium
473 2751 503 2800 et
515 2743 583 2800 rixae
597 2743 716 2819 cupidos
728 2755 881 2818 protervae:

352 2817 420 2878 Non
433 2838 488 2896 ego
502 2823 557 2880 hoo
570 2823 682 2894 ferrem,
697 2822 807 2878 calidus
817 2820 944 2897 juvenci,

590 2901 715 2957 Consule
729 2900 845 2958 Planco,

535 3081 838 3093 ——n—-u—--—

607 3209 692 3268 ODE
705 3209 760 3270 XI.

557 3346 598 3385 An
618 3347 826 3388 ΜΕΟΕΝΑΤΕΜ.

354 3445 510 3506 Incusum
523 3445 647 3503 Danaen
660 3445 745 3503 turris
759 3447 879 3521 ahenea,

353 3525 547 3600 Robustaeque
561 3525 644 3596 fores,
659 3534 687 3582 et
701 3524 818 3600 vigilum
832 3545 937 3584 canum

353 3603 463 3661 Tristes
476 3604 614 3675 excubiae‚
628 3603 791 3660 munierant
804 3602 873 3662 satis

510 3681 667 3740 Nocturnis
681 3682 717 3738 ab
730 3682 882 3751 adulteris3

354 3758 386 3816 si
400 3778 456 3815 non
471 3760 625 3831 Acrisium,
639 3760 756 3834 virginis
770 3759 872 3815 abditae

353 3834 510 3895 Custodem
523 3839 666 3910 pavidum,
680 3836 791 3912 Jupiter
805 3846 834 3894 et
845 3835 948 3896 Venus
