<?xml version="1.0" encoding="UTF-8"?>
<!DOCTYPE html PUBLIC "-//W3C//DTD XHTML 1.0 Transitional//EN"
    "http://www.w3.org/TR/xhtml1/DTD/xhtml1-transitional.dtd">
<html xmlns="http://www.w3.org/1999/xhtml" xml:lang="en" lang="en">
 <head>
  <title>
</title>
<meta http-equiv="Content-Type" content="text/html;charset=utf-8" />
  <meta name='ocr-system' content='tesseract 3.04.00' />
  <meta name='ocr-capabilities' content='ocr_page ocr_carea ocr_par ocr_line ocrx_word'/>
</head>
<body>
  <div class='ocr_page' id='page_1' title='image "./operaacceduntcl00horagoog_0125.png"; bbox 0 0 2706 4362; ppageno 0'>
   <div class='ocr_carea' id='block_1_1' title="bbox 160 309 814 378">
    <p class='ocr_par' dir='ltr' id='par_1_1' title="bbox 160 309 814 378">
     <span class='ocr_line' id='line_1_1' title="bbox 160 309 814 378; baseline -0.023 -1"><span class='ocrx_word' id='word_1_1' title='bbox 160 313 217 378; x_wconf 82' lang='lat'>118</span> <span class='ocrx_word' id='word_1_2' title='bbox 477 314 509 371; x_wconf 78' lang='lat' dir='ltr'>Q.</span> <span class='ocrx_word' id='word_1_3' title='bbox 527 309 673 362; x_wconf 75' lang='lat' dir='ltr'>nostru</span> <span class='ocrx_word' id='word_1_4' title='bbox 690 309 814 362; x_wconf 73' lang='lat' dir='ltr'>rancor</span> 
     </span>
    </p>
   </div>
   <div class='ocr_carea' id='block_1_2' title="bbox 183 449 1346 3911">
    <p class='ocr_par' dir='ltr' id='par_1_2' title="bbox 198 449 971 532">
     <span class='ocr_line' id='line_1_2' title="bbox 198 449 971 532; baseline -0.003 -18"><span class='ocrx_word' id='word_1_5' title='bbox 198 456 294 514; x_wconf 86' lang='lat' dir='ltr'>Carne</span> <span class='ocrx_word' id='word_1_6' title='bbox 305 468 400 514; x_wconf 86' lang='lat' dir='ltr'>tamen</span> <span class='ocrx_word' id='word_1_7' title='bbox 413 456 542 532; x_wconf 82' lang='lat' dir='ltr'>quamvis</span> <span class='ocrx_word' id='word_1_8' title='bbox 554 455 638 513; x_wconf 87' lang='lat' dir='ltr'>distat</span> <span class='ocrx_word' id='word_1_9' title='bbox 651 455 722 514; x_wconf 94' lang='lat' dir='ltr'>nihil</span> <span class='ocrx_word' id='word_1_10' title='bbox 736 456 793 514; x_wconf 81' lang='lat' dir='ltr'>hic</span> <span class='ocrx_word' id='word_1_11' title='bbox 806 449 899 530; x_wconf 84' lang='lat' dir='ltr'>magis</span> <span class='ocrx_word' id='word_1_12' title='bbox 913 453 971 527; x_wconf 83' lang='lat' dir='ltr'>illa,</span> 
     </span>
    </p>

    <p class='ocr_par' dir='ltr' id='par_1_3' title="bbox 199 533 1151 610">
     <span class='ocr_line' id='line_1_3' title="bbox 199 533 1151 610; baseline 0 -18"><span class='ocrx_word' id='word_1_13' title='bbox 199 533 360 610; x_wconf 88' lang='lat' dir='ltr'>Imparibus</span> <span class='ocrx_word' id='word_1_14' title='bbox 375 535 469 592; x_wconf 80' lang='lat' dir='ltr'>formis</span> <span class='ocrx_word' id='word_1_15' title='bbox 484 535 635 610; x_wconf 90' lang='lat' dir='ltr'>deceptum</span> <span class='ocrx_word' id='word_1_16' title='bbox 649 545 677 592; x_wconf 92' lang='lat' dir='ltr'>te</span> <span class='ocrx_word' id='word_1_17' title='bbox 691 545 781 610; x_wconf 87' lang='lat' dir='ltr'>patet;</span> <span class='ocrx_word' id='word_1_18' title='bbox 803 544 880 591; x_wconf 90' lang='lat' dir='ltr'>esto:</span> <span class='ocrx_word' id='word_1_19' title='bbox 902 569 924 584; x_wconf 89' lang='lat'>-</span> <span class='ocrx_word' id='word_1_20' title='bbox 1111 533 1151 592; x_wconf 79' lang='lat'>30</span> 
     </span>
    </p>

    <p class='ocr_par' dir='ltr' id='par_1_4' title="bbox 183 611 972 690">
     <span class='ocr_line' id='line_1_4' title="bbox 183 611 972 690; baseline -0.001 -20"><span class='ocrx_word' id='word_1_21' title='bbox 183 619 185 628; x_wconf 89' lang='grc'><strong>’</strong></span> <span class='ocrx_word' id='word_1_22' title='bbox 201 613 285 670; x_wconf 90' lang='lat' dir='ltr'>Unde</span> <span class='ocrx_word' id='word_1_23' title='bbox 299 614 396 670; x_wconf 82' lang='lat' dir='ltr'>datum</span> <span class='ocrx_word' id='word_1_24' title='bbox 410 614 509 685; x_wconf 89' lang='lat' dir='ltr'>sentis,</span> <span class='ocrx_word' id='word_1_25' title='bbox 522 614 607 690; x_wconf 91' lang='lat' dir='ltr'>lupus</span> <span class='ocrx_word' id='word_1_26' title='bbox 621 613 669 670; x_wconf 91' lang='lat' dir='ltr'>hic</span> <span class='ocrx_word' id='word_1_27' title='bbox 682 613 849 684; x_wconf 83' lang='lat' dir='ltr'>Tiberinus,</span> <span class='ocrx_word' id='word_1_28' title='bbox 863 630 900 669; x_wconf 91' lang='lat' dir='ltr'>an</span> <span class='ocrx_word' id='word_1_29' title='bbox 915 611 972 669; x_wconf 91' lang='lat' dir='ltr'>alto</span> 
     </span>
    </p>

    <p class='ocr_par' dir='ltr' id='par_1_5' title="bbox 197 690 934 769">
     <span class='ocr_line' id='line_1_5' title="bbox 197 690 934 769; baseline -0.001 -21"><span class='ocrx_word' id='word_1_30' title='bbox 197 691 306 768; x_wconf 79' lang='lat' dir='ltr'><strong>Captus</strong></span> <span class='ocrx_word' id='word_1_31' title='bbox 321 693 389 762; x_wconf 91' lang='lat' dir='ltr'>hiet,</span> <span class='ocrx_word' id='word_1_32' title='bbox 402 704 543 767; x_wconf 90' lang='lat' dir='ltr'>pontesne</span> <span class='ocrx_word' id='word_1_33' title='bbox 558 693 631 749; x_wconf 89' lang='lat' dir='ltr'>inter</span> <span class='ocrx_word' id='word_1_34' title='bbox 643 692 776 769; x_wconf 78' lang='lat' dir='ltr'>jactatus,</span> <span class='ocrx_word' id='word_1_35' title='bbox 790 710 827 748; x_wconf 91' lang='lat' dir='ltr'>an</span> <span class='ocrx_word' id='word_1_36' title='bbox 842 690 934 748; x_wconf 86' lang='lat' dir='ltr'>amnis</span> 
     </span>
    </p>

    <p class='ocr_par' dir='ltr' id='par_1_6' title="bbox 197 769 906 842">
     <span class='ocr_line' id='line_1_6' title="bbox 197 769 906 842; baseline 0 -16"><span class='ocrx_word' id='word_1_37' title='bbox 197 769 280 826; x_wconf 82' lang='lat' dir='ltr'>Ostia</span> <span class='ocrx_word' id='word_1_38' title='bbox 293 770 347 826; x_wconf 90' lang='lat' dir='ltr'>snb</span> <span class='ocrx_word' id='word_1_39' title='bbox 362 769 473 828; x_wconf 83' lang='lat' dir='ltr'>Tuscil</span> <span class='ocrx_word' id='word_1_40' title='bbox 507 769 630 842; x_wconf 81' lang='lat' dir='ltr'>Laudas,</span> <span class='ocrx_word' id='word_1_41' title='bbox 645 771 754 842; x_wconf 87' lang='lat' dir='ltr'>insane,</span> <span class='ocrx_word' id='word_1_42' title='bbox 770 770 906 828; x_wconf 81' lang='lat' dir='ltr'>trilibrem</span> 
     </span>
    </p>

    <p class='ocr_par' dir='ltr' id='par_1_7' title="bbox 196 846 1081 925">
     <span class='ocr_line' id='line_1_7' title="bbox 196 846 1081 925; baseline 0 -21"><span class='ocrx_word' id='word_1_43' title='bbox 196 846 330 921; x_wconf 88' lang='lat' dir='ltr'>Mullum,</span> <span class='ocrx_word' id='word_1_44' title='bbox 344 848 372 906; x_wconf 92' lang='lat' dir='ltr'>in</span> <span class='ocrx_word' id='word_1_45' title='bbox 388 849 500 925; x_wconf 80' lang='lat' dir='ltr'>singula</span> <span class='ocrx_word' id='word_1_46' title='bbox 513 866 598 924; x_wconf 90' lang='lat' dir='ltr'>quem</span> <span class='ocrx_word' id='word_1_47' title='bbox 613 849 726 906; x_wconf 85' lang='lat' dir='ltr'>minuas</span> <span class='ocrx_word' id='word_1_48' title='bbox 739 849 885 924; x_wconf 86' lang='lat' dir='ltr'>pulmenta</span> <span class='ocrx_word' id='word_1_49' title='bbox 898 865 1018 906; x_wconf 87' lang='lat' dir='ltr'>necesse</span> <span class='ocrx_word' id='word_1_50' title='bbox 1031 856 1081 904; x_wconf 83' lang='lat' dir='ltr'>est.</span> 
     </span>
    </p>

    <p class='ocr_par' dir='ltr' id='par_1_8' title="bbox 196 924 1150 1004">
     <span class='ocr_line' id='line_1_8' title="bbox 196 924 1150 1004; baseline 0.002 -22"><span class='ocrx_word' id='word_1_51' title='bbox 196 924 285 985; x_wconf 80' lang='lat' dir='ltr'>Ducit</span> <span class='ocrx_word' id='word_1_52' title='bbox 298 937 325 984; x_wconf 93' lang='lat' dir='ltr'>te</span> <span class='ocrx_word' id='word_1_53' title='bbox 339 928 458 1004; x_wconf 88' lang='lat' dir='ltr'>species,</span> <span class='ocrx_word' id='word_1_54' title='bbox 472 928 562 986; x_wconf 93' lang='lat' dir='ltr'>video.</span> <span class='ocrx_word' id='word_1_55' title='bbox 594 925 665 988; x_wconf 77' lang='lat' dir='ltr'>Quo</span> <span class='ocrx_word' id='word_1_56' title='bbox 681 927 802 1003; x_wconf 82' lang='lat' dir='ltr'>pertinet</span> <span class='ocrx_word' id='word_1_57' title='bbox 815 946 883 1003; x_wconf 82' lang='lat' dir='ltr'>ergo</span> <span class='ocrx_word' id='word_1_58' title='bbox 1112 928 1150 984; x_wconf 80' lang='lat'>35</span> 
     </span>
    </p>

    <p class='ocr_par' dir='ltr' id='par_1_9' title="bbox 196 1004 857 1082">
     <span class='ocr_line' id='line_1_9' title="bbox 196 1004 857 1082; baseline 0.002 -21"><span class='ocrx_word' id='word_1_59' title='bbox 196 1004 334 1063; x_wconf 85' lang='lat' dir='ltr'>Procerus</span> <span class='ocrx_word' id='word_1_60' title='bbox 345 1007 439 1064; x_wconf 89' lang='lat' dir='ltr'>odisse</span> <span class='ocrx_word' id='word_1_61' title='bbox 453 1005 555 1082; x_wconf 82' lang='lat' dir='ltr'>luposl</span> <span class='ocrx_word' id='word_1_62' title='bbox 586 1005 666 1067; x_wconf 81' lang='lat' dir='ltr'>Quia</span> <span class='ocrx_word' id='word_1_63' title='bbox 680 1006 788 1064; x_wconf 87' lang='lat' dir='ltr'>scilicet</span> <span class='ocrx_word' id='word_1_64' title='bbox 802 1006 857 1064; x_wconf 90' lang='lat' dir='ltr'>illis</span> 
     </span>
    </p>

    <p class='ocr_par' dir='ltr' id='par_1_10' title="bbox 197 1082 1052 1160">
     <span class='ocr_line' id='line_1_10' title="bbox 197 1082 1052 1160; baseline 0.001 -19"><span class='ocrx_word' id='word_1_65' title='bbox 197 1082 336 1159; x_wconf 85' lang='lat' dir='ltr'>Majorem</span> <span class='ocrx_word' id='word_1_66' title='bbox 350 1097 452 1142; x_wconf 83' lang='lat' dir='ltr'>natura</span> <span class='ocrx_word' id='word_1_67' title='bbox 466 1086 580 1160; x_wconf 88' lang='lat' dir='ltr'>modurn</span> <span class='ocrx_word' id='word_1_68' title='bbox 594 1085 682 1156; x_wconf 87' lang='lat' dir='ltr'>dedit,</span> <span class='ocrx_word' id='word_1_69' title='bbox 695 1086 739 1142; x_wconf 92' lang='lat' dir='ltr'>his</span> <span class='ocrx_word' id='word_1_70' title='bbox 752 1085 836 1142; x_wconf 89' lang='lat' dir='ltr'>breve</span> <span class='ocrx_word' id='word_1_71' title='bbox 850 1084 969 1160; x_wconf 90' lang='lat' dir='ltr'>pondus.</span> <span class='ocrx_word' id='word_1_72' title='bbox 1050 1093 1052 1104; x_wconf 91' lang='lat'>&#39;</span> 
     </span>
    </p>

    <p class='ocr_par' dir='ltr' id='par_1_11' title="bbox 197 1161 906 1240">
     <span class='ocr_line' id='line_1_11' title="bbox 197 1161 906 1240; baseline 0.004 -21"><span class='ocrx_word' id='word_1_73' title='bbox 197 1166 215 1193; x_wconf 90' lang='lat'>“</span> <span class='ocrx_word' id='word_1_74' title='bbox 225 1161 390 1220; x_wconf 77' lang='lat' dir='ltr'>Portentum</span> <span class='ocrx_word' id='word_1_75' title='bbox 404 1182 508 1239; x_wconf 85' lang='lat' dir='ltr'>magno</span> <span class='ocrx_word' id='word_1_76' title='bbox 521 1182 656 1240; x_wconf 79' lang='lat' dir='ltr'>magnum</span> <span class='ocrx_word' id='word_1_77' title='bbox 670 1174 797 1240; x_wconf 77' lang='lat' dir='ltr'>spectme</span> <span class='ocrx_word' id='word_1_78' title='bbox 811 1164 906 1222; x_wconf 90' lang='lat' dir='ltr'>catino</span> 
     </span>
    </p>

    <p class='ocr_par' dir='ltr' id='par_1_12' title="bbox 196 1240 1042 1319">
     <span class='ocr_line' id='line_1_12' title="bbox 196 1240 1042 1319; baseline 0.004 -22"><span class='ocrx_word' id='word_1_79' title='bbox 196 1240 339 1314; x_wconf 86' lang='lat' dir='ltr'>Vellem,”</span> <span class='ocrx_word' id='word_1_80' title='bbox 355 1242 394 1300; x_wconf 82' lang='lat' dir='ltr'>ait</span> <span class='ocrx_word' id='word_1_81' title='bbox 407 1241 542 1318; x_wconf 79' lang='lat' dir='ltr'>Harpyiis</span> <span class='ocrx_word' id='word_1_82' title='bbox 555 1243 623 1318; x_wconf 85' lang='lat' dir='ltr'>gula</span> <span class='ocrx_word' id='word_1_83' title='bbox 636 1243 723 1318; x_wconf 86' lang='lat' dir='ltr'>digua</span> <span class='ocrx_word' id='word_1_84' title='bbox 737 1243 895 1319; x_wconf 78' lang='lat' dir='ltr'>rapacibus,</span> <span class='ocrx_word' id='word_1_85' title='bbox 929 1241 1042 1315; x_wconf 85' lang='lat' dir='ltr'>Atros,</span> 
     </span>
    </p>

    <p class='ocr_par' dir='ltr' id='par_1_13' title="bbox 198 1319 1149 1397">
     <span class='ocr_line' id='line_1_13' title="bbox 198 1319 1149 1397; baseline 0.001 -20"><span class='ocrx_word' id='word_1_86' title='bbox 198 1319 358 1378; x_wconf 80' lang='lat' dir='ltr'>Praesentes</span> <span class='ocrx_word' id='word_1_87' title='bbox 373 1321 482 1393; x_wconf 81' lang='lat' dir='ltr'>Austri,</span> <span class='ocrx_word' id='word_1_88' title='bbox 497 1322 608 1396; x_wconf 76' lang='lat' dir='ltr'>coquite</span> <span class='ocrx_word' id='word_1_89' title='bbox 622 1322 722 1378; x_wconf 88' lang='lat' dir='ltr'>horum</span> <span class='ocrx_word' id='word_1_90' title='bbox 735 1322 869 1380; x_wconf 88' lang='lat' dir='ltr'>obsonia:</span> <span class='ocrx_word' id='word_1_91' title='bbox 890 1320 1018 1397; x_wconf 87' lang='lat' dir='ltr'>quamvis</span> <span class='ocrx_word' id='word_1_92' title='bbox 1109 1319 1149 1378; x_wconf 81' lang='lat'>40</span> 
     </span>
    </p>

    <p class='ocr_par' dir='ltr' id='par_1_14' title="bbox 200 1397 1003 1476">
     <span class='ocr_line' id='line_1_14' title="bbox 200 1397 1003 1476; baseline 0.002 -20"><span class='ocrx_word' id='word_1_93' title='bbox 200 1397 285 1456; x_wconf 91' lang='lat' dir='ltr'>Putet</span> <span class='ocrx_word' id='word_1_94' title='bbox 299 1419 365 1476; x_wconf 84' lang='lat' dir='ltr'>aper</span> <span class='ocrx_word' id='word_1_95' title='bbox 379 1400 568 1475; x_wconf 86' lang='lat' dir='ltr'>rhombusque</span> <span class='ocrx_word' id='word_1_96' title='bbox 581 1407 692 1472; x_wconf 81' lang='lat' dir='ltr'>recens,</span> <span class='ocrx_word' id='word_1_97' title='bbox 706 1401 781 1457; x_wconf 85' lang='lat' dir='ltr'>mala</span> <span class='ocrx_word' id='word_1_98' title='bbox 794 1401 877 1476; x_wconf 91' lang='lat' dir='ltr'>copia</span> <span class='ocrx_word' id='word_1_99' title='bbox 889 1400 1003 1474; x_wconf 89' lang='lat' dir='ltr'>quando</span> 
     </span>
    </p>

    <p class='ocr_par' dir='ltr' id='par_1_15' title="bbox 198 1477 1005 1556">
     <span class='ocr_line' id='line_1_15' title="bbox 198 1477 1005 1556; baseline 0 -21"><span class='ocrx_word' id='word_1_100' title='bbox 198 1477 320 1554; x_wconf 83' lang='lat' dir='ltr'>AEgrum</span> <span class='ocrx_word' id='word_1_101' title='bbox 334 1479 467 1537; x_wconf 82' lang='lat' dir='ltr'>sollicitat</span> <span class='ocrx_word' id='word_1_102' title='bbox 479 1479 670 1549; x_wconf 82' lang='lat' dir='ltr'>stomachum3</span> <span class='ocrx_word' id='word_1_103' title='bbox 691 1498 778 1554; x_wconf 92' lang='lat' dir='ltr'>quum</span> <span class='ocrx_word' id='word_1_104' title='bbox 792 1479 890 1555; x_wconf 88' lang='lat' dir='ltr'>rapula</span> <span class='ocrx_word' id='word_1_105' title='bbox 902 1479 1005 1556; x_wconf 88' lang='lat' dir='ltr'>plenus</span> 
     </span>
    </p>

    <p class='ocr_par' dir='ltr' id='par_1_16' title="bbox 199 1556 1029 1631">
     <span class='ocr_line' id='line_1_16' title="bbox 199 1556 1029 1631; baseline 0.002 -19"><span class='ocrx_word' id='word_1_106' title='bbox 199 1557 296 1631; x_wconf 89' lang='lat' dir='ltr'>Atque</span> <span class='ocrx_word' id='word_1_107' title='bbox 309 1558 406 1616; x_wconf 87' lang='lat' dir='ltr'>acidas</span> <span class='ocrx_word' id='word_1_108' title='bbox 419 1557 524 1615; x_wconf 89' lang='lat' dir='ltr'>mavult</span> <span class='ocrx_word' id='word_1_109' title='bbox 538 1558 638 1615; x_wconf 89' lang='lat' dir='ltr'>inulas.</span> <span class='ocrx_word' id='word_1_110' title='bbox 673 1556 808 1615; x_wconf 86' lang='lat' dir='ltr'>Necdum</span> <span class='ocrx_word' id='word_1_111' title='bbox 822 1559 915 1615; x_wconf 87' lang='lat' dir='ltr'>omnis</span> <span class='ocrx_word' id='word_1_112' title='bbox 929 1557 1029 1618; x_wconf 82' lang='lat' dir='ltr'>abacta</span> 
     </span>
    </p>

    <p class='ocr_par' dir='ltr' id='par_1_17' title="bbox 198 1634 865 1714">
     <span class='ocr_line' id='line_1_17' title="bbox 198 1634 865 1714; baseline 0.001 -22"><span class='ocrx_word' id='word_1_113' title='bbox 198 1634 353 1711; x_wconf 88' lang='lat' dir='ltr'>Pauperies</span> <span class='ocrx_word' id='word_1_114' title='bbox 366 1637 458 1713; x_wconf 88' lang='lat' dir='ltr'>epulis</span> <span class='ocrx_word' id='word_1_115' title='bbox 471 1655 586 1714; x_wconf 81' lang='lat' dir='ltr'>regum:</span> <span class='ocrx_word' id='word_1_116' title='bbox 608 1655 675 1694; x_wconf 90' lang='lat' dir='ltr'>nam</span> <span class='ocrx_word' id='word_1_117' title='bbox 690 1637 791 1694; x_wconf 88' lang='lat' dir='ltr'>vilibus</span> <span class='ocrx_word' id='word_1_118' title='bbox 805 1637 865 1694; x_wconf 91' lang='lat' dir='ltr'>ovis</span> 
     </span>
    </p>

    <p class='ocr_par' dir='ltr' id='par_1_18' title="bbox 198 1712 1148 1792">
     <span class='ocr_line' id='line_1_18' title="bbox 198 1712 1148 1792; baseline 0.002 -22"><span class='ocrx_word' id='word_1_119' title='bbox 198 1712 353 1791; x_wconf 83' lang='lat' dir='ltr'>Nigrisque</span> <span class='ocrx_word' id='word_1_120' title='bbox 368 1727 412 1774; x_wconf 88' lang='lat' dir='ltr'>est</span> <span class='ocrx_word' id='word_1_121' title='bbox 424 1715 494 1773; x_wconf 91' lang='lat' dir='ltr'>oleis</span> <span class='ocrx_word' id='word_1_122' title='bbox 507 1715 591 1773; x_wconf 90' lang='lat' dir='ltr'>hodie</span> <span class='ocrx_word' id='word_1_123' title='bbox 605 1714 705 1773; x_wconf 82' lang='lat' dir='ltr'>locus·</span> <span class='ocrx_word' id='word_1_124' title='bbox 728 1715 816 1772; x_wconf 85' lang='lat' dir='ltr'>Haud</span> <span class='ocrx_word' id='word_1_125' title='bbox 831 1716 870 1773; x_wconf 88' lang='lat' dir='ltr'>ita</span> <span class='ocrx_word' id='word_1_126' title='bbox 882 1715 992 1792; x_wconf 88' lang='lat' dir='ltr'>pridem</span> <span class='ocrx_word' id='word_1_127' title='bbox 1108 1713 1148 1772; x_wconf 74' lang='lat'>45</span> 
     </span>
    </p>

    <p class='ocr_par' dir='ltr' id='par_1_19' title="bbox 198 1791 828 1871">
     <span class='ocr_line' id='line_1_19' title="bbox 198 1791 828 1871; baseline 0.005 -22"><span class='ocrx_word' id='word_1_128' title='bbox 198 1792 313 1855; x_wconf 78' lang='lat' dir='ltr'>Galloni</span> <span class='ocrx_word' id='word_1_129' title='bbox 327 1795 465 1871; x_wconf 76' lang='lat' dir='ltr'>praeconis</span> <span class='ocrx_word' id='word_1_130' title='bbox 478 1804 537 1851; x_wconf 88' lang='lat' dir='ltr'>erat</span> <span class='ocrx_word' id='word_1_131' title='bbox 551 1791 716 1870; x_wconf 89' lang='lat' dir='ltr'>acipensere</span> <span class='ocrx_word' id='word_1_132' title='bbox 729 1813 828 1852; x_wconf 87' lang='lat' dir='ltr'>mensa</span> 
     </span>
    </p>

    <p class='ocr_par' dir='ltr' id='par_1_20' title="bbox 199 1869 1029 1950">
     <span class='ocr_line' id='line_1_20' title="bbox 199 1869 1029 1950; baseline 0 -22"><span class='ocrx_word' id='word_1_133' title='bbox 199 1869 327 1931; x_wconf 84' lang='lat' dir='ltr'>Infamia.</span> <span class='ocrx_word' id='word_1_134' title='bbox 360 1873 462 1935; x_wconf 81' lang='lat' dir='ltr'>Quidi</span> <span class='ocrx_word' id='word_1_135' title='bbox 482 1883 542 1930; x_wconf 91' lang='lat' dir='ltr'>turn</span> <span class='ocrx_word' id='word_1_136' title='bbox 556 1872 688 1931; x_wconf 88' lang='lat' dir='ltr'>rhombos</span> <span class='ocrx_word' id='word_1_137' title='bbox 701 1870 796 1931; x_wconf 87' lang='lat' dir='ltr'>minirs</span> <span class='ocrx_word' id='word_1_138' title='bbox 811 1891 904 1950; x_wconf 75' lang='lat' dir='ltr'>equor</span> <span class='ocrx_word' id='word_1_139' title='bbox 918 1871 1029 1931; x_wconf 89' lang='lat' dir='ltr'>alebatl</span> 
     </span>
    </p>

    <p class='ocr_par' dir='ltr' id='par_1_21' title="bbox 200 1945 874 2027">
     <span class='ocr_line' id='line_1_21' title="bbox 200 1945 874 2027; baseline 0.006 -21"><span class='ocrx_word' id='word_1_140' title='bbox 200 1945 370 2010; x_wconf 85' lang='lat' dir='ltr'>Tutns&#39;erat</span> <span class='ocrx_word' id='word_1_141' title='bbox 383 1951 527 2024; x_wconf 88' lang='lat' dir='ltr'>rhombus,</span> <span class='ocrx_word' id='word_1_142' title='bbox 542 1962 658 2027; x_wconf 91' lang='lat' dir='ltr'>tutoque</span> <span class='ocrx_word' id='word_1_143' title='bbox 672 1952 783 2011; x_wconf 89' lang='lat' dir='ltr'>ciconia</span> <span class='ocrx_word' id='word_1_144' title='bbox 797 1952 874 2025; x_wconf 91' lang='lat' dir='ltr'>nido,</span> 
     </span>
    </p>

    <p class='ocr_par' dir='ltr' id='par_1_22' title="bbox 200 2027 876 2107">
     <span class='ocr_line' id='line_1_22' title="bbox 200 2027 876 2107; baseline 0.001 -20"><span class='ocrx_word' id='word_1_145' title='bbox 200 2027 301 2088; x_wconf 91' lang='lat' dir='ltr'>Donec</span> <span class='ocrx_word' id='word_1_146' title='bbox 315 2049 363 2088; x_wconf 89' lang='lat' dir='ltr'>vos</span> <span class='ocrx_word' id='word_1_147' title='bbox 377 2041 475 2088; x_wconf 86' lang='lat' dir='ltr'>auctor</span> <span class='ocrx_word' id='word_1_148' title='bbox 490 2031 587 2088; x_wconf 86' lang='lat' dir='ltr'>docuit</span> <span class='ocrx_word' id='word_1_149' title='bbox 600 2032 755 2107; x_wconf 71' lang='lat' dir='ltr'>pretorius.</span> <span class='ocrx_word' id='word_1_150' title='bbox 790 2029 876 2106; x_wconf 85' lang='lat' dir='ltr'>Ergo,</span> 
     </span>
    </p>

    <p class='ocr_par' dir='ltr' id='par_1_23' title="bbox 200 2107 1148 2182">
     <span class='ocr_line' id='line_1_23' title="bbox 200 2107 1148 2182; baseline 0.002 -20"><span class='ocrx_word' id='word_1_151' title='bbox 200 2107 232 2164; x_wconf 82' lang='lat' dir='ltr'>Si</span> <span class='ocrx_word' id='word_1_152' title='bbox 246 2109 308 2182; x_wconf 89' lang='lat' dir='ltr'>quis</span> <span class='ocrx_word' id='word_1_153' title='bbox 322 2127 400 2166; x_wconf 92' lang='lat' dir='ltr'>nunc</span> <span class='ocrx_word' id='word_1_154' title='bbox 414 2127 525 2182; x_wconf 85' lang='lat' dir='ltr'>mergos</span> <span class='ocrx_word' id='word_1_155' title='bbox 539 2128 640 2165; x_wconf 81' lang='lat' dir='ltr'>suaves</span> <span class='ocrx_word' id='word_1_156' title='bbox 653 2110 773 2167; x_wconf 85' lang='lat' dir='ltr'>edixerit</span> <span class='ocrx_word' id='word_1_157' title='bbox 786 2128 874 2182; x_wconf 89' lang='lat' dir='ltr'>assos,</span> <span class='ocrx_word' id='word_1_158' title='bbox 1108 2108 1148 2164; x_wconf 80' lang='lat'>50</span> 
     </span>
    </p>

    <p class='ocr_par' dir='ltr' id='par_1_24' title="bbox 200 2174 1346 2338">
     <span class='ocr_line' id='line_1_24' title="bbox 200 2174 1346 2263; baseline 0.003 -21"><span class='ocrx_word' id='word_1_159' title='bbox 200 2183 315 2243; x_wconf 84' lang='lat' dir='ltr'>Parebit</span> <span class='ocrx_word' id='word_1_160' title='bbox 328 2187 404 2262; x_wconf 89' lang='lat' dir='ltr'>pravi</span> <span class='ocrx_word' id='word_1_161' title='bbox 419 2186 519 2243; x_wconf 90' lang='lat' dir='ltr'>docilis</span> <span class='ocrx_word' id='word_1_162' title='bbox 532 2185 666 2244; x_wconf 88' lang='lat' dir='ltr'>Romana</span> <span class='ocrx_word' id='word_1_163' title='bbox 676 2187 818 2263; x_wconf 87' lang='lat' dir='ltr'>juventus.</span> <span class='ocrx_word' id='word_1_164' title='bbox 1345 2174 1346 2246; x_wconf 84' lang='lat' dir='ltr'>i</span> 
     </span>
     <span class='ocr_line' id='line_1_25' title="bbox 246 2264 841 2338; baseline 0.005 -17"><span class='ocrx_word' id='word_1_165' title='bbox 246 2264 383 2322; x_wconf 87' lang='lat' dir='ltr'>Sordidus</span> <span class='ocrx_word' id='word_1_166' title='bbox 397 2265 502 2321; x_wconf 90' lang='lat' dir='ltr'>atenui</span> <span class='ocrx_word' id='word_1_167' title='bbox 517 2264 593 2321; x_wconf 90' lang='lat' dir='ltr'>victu</span> <span class='ocrx_word' id='word_1_168' title='bbox 607 2265 732 2338; x_wconf 88' lang='lat' dir='ltr'>distabit,</span> <span class='ocrx_word' id='word_1_169' title='bbox 745 2265 841 2325; x_wconf 81' lang='lat' dir='ltr'>Ofello</span> 
     </span>
    </p>

    <p class='ocr_par' dir='ltr' id='par_1_25' title="bbox 200 2340 876 2417">
     <span class='ocr_line' id='line_1_26' title="bbox 200 2340 876 2417; baseline -0.003 -13"><span class='ocrx_word' id='word_1_170' title='bbox 200 2345 322 2404; x_wconf 86' lang='lat' dir='ltr'>Judice:</span> <span class='ocrx_word' id='word_1_171' title='bbox 343 2361 409 2400; x_wconf 82' lang='lat' dir='ltr'>narn</span> <span class='ocrx_word' id='word_1_172' title='bbox 423 2340 526 2400; x_wconf 77' lang='lat' dir='ltr'>srustrd</span> <span class='ocrx_word' id='word_1_173' title='bbox 541 2343 638 2401; x_wconf 88' lang='lat' dir='ltr'>vitium</span> <span class='ocrx_word' id='word_1_174' title='bbox 654 2345 782 2402; x_wconf 84' lang='lat' dir='ltr'>vitaveris</span> <span class='ocrx_word' id='word_1_175' title='bbox 796 2344 876 2417; x_wconf 92' lang='lat' dir='ltr'>illud,</span> 
     </span>
    </p>

    <p class='ocr_par' dir='ltr' id='par_1_26' title="bbox 202 2420 852 2497">
     <span class='ocr_line' id='line_1_27' title="bbox 202 2420 852 2497; baseline -0.005 -14"><span class='ocrx_word' id='word_1_176' title='bbox 202 2425 233 2483; x_wconf 87' lang='lat' dir='ltr'>Si</span> <span class='ocrx_word' id='word_1_177' title='bbox 247 2440 275 2482; x_wconf 87' lang='lat' dir='ltr'>te</span> <span class='ocrx_word' id='word_1_178' title='bbox 289 2420 346 2480; x_wconf 83' lang='lat' dir='ltr'>alib</span> <span class='ocrx_word' id='word_1_179' title='bbox 359 2440 474 2497; x_wconf 89' lang='lat' dir='ltr'>pravum</span> <span class='ocrx_word' id='word_1_180' title='bbox 489 2422 647 2480; x_wconf 83' lang='lat' dir='ltr'>detorseris.</span> <span class='ocrx_word' id='word_1_181' title='bbox 682 2423 852 2496; x_wconf 89' lang='lat' dir='ltr'>Avidienus,</span> 
     </span>
    </p>

    <p class='ocr_par' dir='ltr' id='par_1_27' title="bbox 200 2497 1147 2578">
     <span class='ocr_line' id='line_1_28' title="bbox 200 2497 1147 2578; baseline -0.002 -16"><span class='ocrx_word' id='word_1_182' title='bbox 200 2504 256 2561; x_wconf 79' lang='lat' dir='ltr'>eui</span> <span class='ocrx_word' id='word_1_183' title='bbox 271 2501 359 2559; x_wconf 88' lang='lat' dir='ltr'>Canis</span> <span class='ocrx_word' id='word_1_184' title='bbox 373 2520 407 2557; x_wconf 82' lang='lat' dir='ltr'>ex</span> <span class='ocrx_word' id='word_1_185' title='bbox 421 2519 487 2558; x_wconf 89' lang='lat' dir='ltr'>vero</span> <span class='ocrx_word' id='word_1_186' title='bbox 501 2502 618 2559; x_wconf 88' lang='lat' dir='ltr'>ductum</span> <span class='ocrx_word' id='word_1_187' title='bbox 633 2521 791 2578; x_wconf 86' lang='lat' dir='ltr'>cognomen</span> <span class='ocrx_word' id='word_1_188' title='bbox 806 2502 940 2576; x_wconf 75' lang='lat' dir='ltr'>adheret,</span> <span class='ocrx_word' id='word_1_189' title='bbox 970 2497 973 2506; x_wconf 52' lang='lat'>²</span> <span class='ocrx_word' id='word_1_190' title='bbox 1107 2502 1147 2560; x_wconf 80' lang='lat'>55</span> 
     </span>
    </p>

    <p class='ocr_par' dir='ltr' id='par_1_28' title="bbox 199 2579 862 2655">
     <span class='ocr_line' id='line_1_29' title="bbox 199 2579 862 2655; baseline -0.002 -16"><span class='ocrx_word' id='word_1_191' title='bbox 199 2583 409 2655; x_wconf 78' lang='lat' dir='ltr'>Quinquennes</span> <span class='ocrx_word' id='word_1_192' title='bbox 422 2579 498 2635; x_wconf 87' lang='lat' dir='ltr'>oleas</span> <span class='ocrx_word' id='word_1_193' title='bbox 512 2591 555 2636; x_wconf 90' lang='lat' dir='ltr'>est</span> <span class='ocrx_word' id='word_1_194' title='bbox 568 2592 596 2637; x_wconf 91' lang='lat' dir='ltr'>et</span> <span class='ocrx_word' id='word_1_195' title='bbox 609 2581 746 2638; x_wconf 87' lang='lat' dir='ltr'>silvestria</span> <span class='ocrx_word' id='word_1_196' title='bbox 760 2600 862 2651; x_wconf 78' lang='lat' dir='ltr'>corns3</span> 
     </span>
    </p>

    <p class='ocr_par' dir='ltr' id='par_1_29' title="bbox 200 2659 939 2734">
     <span class='ocr_line' id='line_1_30' title="bbox 200 2659 939 2734; baseline 0.001 -16"><span class='ocrx_word' id='word_1_197' title='bbox 200 2661 256 2731; x_wconf 88' lang='lat' dir='ltr'>Ac,</span> <span class='ocrx_word' id='word_1_198' title='bbox 272 2659 326 2717; x_wconf 92' lang='lat' dir='ltr'>nisi</span> <span class='ocrx_word' id='word_1_199' title='bbox 340 2667 488 2729; x_wconf 87' lang='lat' dir='ltr'>mutatum,</span> <span class='ocrx_word' id='word_1_200' title='bbox 502 2659 593 2734; x_wconf 88' lang='lat' dir='ltr'>parcit</span> <span class='ocrx_word' id='word_1_201' title='bbox 607 2659 762 2718; x_wconf 80' lang='lat' dir='ltr'>detundere</span> <span class='ocrx_word' id='word_1_202' title='bbox 776 2660 889 2729; x_wconf 89' lang='lat' dir='ltr'>vinum;</span> <span class='ocrx_word' id='word_1_203' title='bbox 910 2670 939 2719; x_wconf 88' lang='lat' dir='ltr'>et</span> 
     </span>
    </p>

    <p class='ocr_par' dir='ltr' id='par_1_30' title="bbox 199 2737 880 2816">
     <span class='ocr_line' id='line_1_31' title="bbox 199 2737 880 2816; baseline 0 -21"><span class='ocrx_word' id='word_1_204' title='bbox 199 2739 291 2816; x_wconf 86' lang='lat' dir='ltr'>Cujus</span> <span class='ocrx_word' id='word_1_205' title='bbox 303 2737 419 2794; x_wconf 88' lang='lat' dir='ltr'>odorem</span> <span class='ocrx_word' id='word_1_206' title='bbox 432 2737 487 2793; x_wconf 90' lang='lat' dir='ltr'>olei</span> <span class='ocrx_word' id='word_1_207' title='bbox 501 2755 625 2814; x_wconf 85' lang='lat' dir='ltr'>nequeas</span> <span class='ocrx_word' id='word_1_208' title='bbox 635 2738 768 2814; x_wconf 85' lang='lat' dir='ltr'>perferre,</span> <span class='ocrx_word' id='word_1_209' title='bbox 782 2738 880 2796; x_wconf 89' lang='lat' dir='ltr'>licebit</span> 
     </span>
    </p>

    <p class='ocr_par' dir='ltr' id='par_1_31' title="bbox 199 2814 968 2891">
     <span class='ocr_line' id='line_1_32' title="bbox 199 2814 968 2891; baseline -0.001 -17"><span class='ocrx_word' id='word_1_210' title='bbox 199 2817 255 2875; x_wconf 89' lang='lat' dir='ltr'>Ille</span> <span class='ocrx_word' id='word_1_211' title='bbox 269 2814 385 2891; x_wconf 91' lang='lat' dir='ltr'>repotia,</span> <span class='ocrx_word' id='word_1_212' title='bbox 400 2815 517 2887; x_wconf 87' lang='lat' dir='ltr'>natales,</span> <span class='ocrx_word' id='word_1_213' title='bbox 532 2815 636 2874; x_wconf 87' lang='lat' dir='ltr'>aliosve</span> <span class='ocrx_word' id='word_1_214' title='bbox 650 2817 760 2873; x_wconf 91' lang='lat' dir='ltr'>dierum</span> <span class='ocrx_word' id='word_1_215' title='bbox 966 2883 968 2890; x_wconf 33' lang='grc' dir='ltr'>Ι</span> 
     </span>
    </p>

    <p class='ocr_par' dir='ltr' id='par_1_32' title="bbox 200 2893 854 2971">
     <span class='ocr_line' id='line_1_33' title="bbox 200 2893 854 2971; baseline -0.003 -17"><span class='ocrx_word' id='word_1_216' title='bbox 200 2895 300 2954; x_wconf 85' lang='lat' dir='ltr'>Festos</span> <span class='ocrx_word' id='word_1_217' title='bbox 314 2893 423 2951; x_wconf 90' lang='lat' dir='ltr'>albatus</span> <span class='ocrx_word' id='word_1_218' title='bbox 437 2894 570 2966; x_wconf 91' lang='lat' dir='ltr'>celebret,</span> <span class='ocrx_word' id='word_1_219' title='bbox 584 2914 672 2953; x_wconf 92' lang='lat' dir='ltr'>cornu</span> <span class='ocrx_word' id='word_1_220' title='bbox 687 2897 746 2971; x_wconf 89' lang='lat' dir='ltr'>ipse</span> <span class='ocrx_word' id='word_1_221' title='bbox 760 2894 854 2953; x_wconf 91' lang='lat' dir='ltr'>bilibri</span> 
     </span>
    </p>

    <p class='ocr_par' dir='ltr' id='par_1_33' title="bbox 199 2972 931 3127">
     <span class='ocr_line' id='line_1_34' title="bbox 199 2972 876 3049; baseline -0.004 -16"><span class='ocrx_word' id='word_1_222' title='bbox 199 2974 338 3033; x_wconf 85' lang='lat' dir='ltr'>Caulibus</span> <span class='ocrx_word' id='word_1_223' title='bbox 352 2972 478 3044; x_wconf 88' lang='lat' dir='ltr'>instillat,</span> <span class='ocrx_word' id='word_1_224' title='bbox 494 2975 594 3030; x_wconf 90' lang='lat' dir='ltr'>veteris</span> <span class='ocrx_word' id='word_1_225' title='bbox 608 2993 665 3031; x_wconf 95' lang='lat' dir='ltr'>non</span> <span class='ocrx_word' id='word_1_226' title='bbox 678 2993 781 3049; x_wconf 88' lang='lat' dir='ltr'>parcus</span> <span class='ocrx_word' id='word_1_227' title='bbox 794 2974 876 3032; x_wconf 88' lang='lat' dir='ltr'>aceti.</span> 
     </span>
     <span class='ocr_line' id='line_1_35' title="bbox 237 3051 931 3127; baseline 0 -17"><span class='ocrx_word' id='word_1_228' title='bbox 237 3052 327 3116; x_wconf 83' lang='lat' dir='ltr'>Quali</span> <span class='ocrx_word' id='word_1_229' title='bbox 341 3051 426 3127; x_wconf 85' lang='lat' dir='ltr'>igitur</span> <span class='ocrx_word' id='word_1_230' title='bbox 439 3051 515 3108; x_wconf 90' lang='lat' dir='ltr'>victu</span> <span class='ocrx_word' id='word_1_231' title='bbox 529 3052 640 3126; x_wconf 88' lang='lat' dir='ltr'>sapiens</span> <span class='ocrx_word' id='word_1_232' title='bbox 654 3055 768 3110; x_wconf 86' lang='lat' dir='ltr'>uteturl</span> <span class='ocrx_word' id='word_1_233' title='bbox 787 3064 816 3110; x_wconf 87' lang='lat' dir='ltr'>et</span> <span class='ocrx_word' id='word_1_234' title='bbox 830 3053 931 3110; x_wconf 91' lang='lat' dir='ltr'>horum</span> 
     </span>
    </p>

    <p class='ocr_par' dir='ltr' id='par_1_34' title="bbox 200 3129 1067 3207">
     <span class='ocr_line' id='line_1_36' title="bbox 200 3129 1067 3207; baseline -0.005 -17"><span class='ocrx_word' id='word_1_235' title='bbox 200 3133 303 3190; x_wconf 87' lang='lat' dir='ltr'>Utrum</span> <span class='ocrx_word' id='word_1_236' title='bbox 317 3129 491 3188; x_wconf 88' lang='lat' dir='ltr'>imitabiturl</span> <span class='ocrx_word' id='word_1_237' title='bbox 525 3129 592 3188; x_wconf 79' lang='lat' dir='ltr'>Hire</span> <span class='ocrx_word' id='word_1_238' title='bbox 606 3143 687 3207; x_wconf 84' lang='lat' dir='ltr'>urget</span> <span class='ocrx_word' id='word_1_239' title='bbox 700 3131 793 3207; x_wconf 89' lang='lat' dir='ltr'>lupus,</span> <span class='ocrx_word' id='word_1_240' title='bbox 808 3132 864 3188; x_wconf 76' lang='lat' dir='ltr'>hic</span> <span class='ocrx_word' id='word_1_241' title='bbox 877 3131 966 3204; x_wconf 88' lang='lat' dir='ltr'>canis,</span> <span class='ocrx_word' id='word_1_242' title='bbox 981 3129 1067 3189; x_wconf 88' lang='lat' dir='ltr'>aiunt.</span> 
     </span>
    </p>

    <p class='ocr_par' dir='ltr' id='par_1_35' title="bbox 203 3209 932 3284">
     <span class='ocr_line' id='line_1_37' title="bbox 203 3209 932 3284; baseline -0.001 -16"><span class='ocrx_word' id='word_1_243' title='bbox 203 3210 332 3268; x_wconf 89' lang='lat' dir='ltr'>Mundus</span> <span class='ocrx_word' id='word_1_244' title='bbox 345 3209 408 3279; x_wconf 92' lang='lat' dir='ltr'>erit,</span> <span class='ocrx_word' id='word_1_245' title='bbox 423 3209 471 3284; x_wconf 93' lang='lat' dir='ltr'>qui</span> <span class='ocrx_word' id='word_1_246' title='bbox 485 3228 543 3266; x_wconf 92' lang='lat' dir='ltr'>non</span> <span class='ocrx_word' id='word_1_247' title='bbox 557 3209 682 3267; x_wconf 81' lang='lat' dir='ltr'>offendat</span> <span class='ocrx_word' id='word_1_248' title='bbox 695 3209 834 3282; x_wconf 90' lang='lat' dir='ltr'>sordibus,</span> <span class='ocrx_word' id='word_1_249' title='bbox 848 3221 932 3284; x_wconf 90' lang='lat' dir='ltr'>atque</span> 
     </span>
    </p>

    <p class='ocr_par' dir='ltr' id='par_1_36' title="bbox 199 3287 1148 3366">
     <span class='ocr_line' id='line_1_38' title="bbox 199 3287 1148 3366; baseline -0.002 -20"><span class='ocrx_word' id='word_1_250' title='bbox 199 3289 236 3346; x_wconf 92' lang='lat' dir='ltr'>In</span> <span class='ocrx_word' id='word_1_251' title='bbox 250 3300 378 3348; x_wconf 89' lang='lat' dir='ltr'>neutram</span> <span class='ocrx_word' id='word_1_252' title='bbox 392 3299 502 3363; x_wconf 88' lang='lat' dir='ltr'>partem</span> <span class='ocrx_word' id='word_1_253' title='bbox 513 3287 606 3344; x_wconf 80' lang='lat' dir='ltr'>cultris</span> <span class='ocrx_word' id='word_1_254' title='bbox 620 3289 713 3346; x_wconf 88' lang='lat' dir='ltr'>miser.</span> <span class='ocrx_word' id='word_1_255' title='bbox 743 3287 803 3348; x_wconf 78' lang='lat' dir='ltr'>llic</span> <span class='ocrx_word' id='word_1_256' title='bbox 817 3307 910 3366; x_wconf 85' lang='lat' dir='ltr'>nequa</span> <span class='ocrx_word' id='word_1_257' title='bbox 924 3288 1021 3360; x_wconf 88' lang='lat' dir='ltr'>servis,</span> <span class='ocrx_word' id='word_1_258' title='bbox 1109 3287 1148 3344; x_wconf 80' lang='lat'>66</span> 
     </span>
    </p>

    <p class='ocr_par' dir='ltr' id='par_1_37' title="bbox 199 3365 833 3441">
     <span class='ocr_line' id='line_1_39' title="bbox 199 3365 833 3441; baseline -0.002 -16"><span class='ocrx_word' id='word_1_259' title='bbox 199 3366 301 3426; x_wconf 84' lang='lat' dir='ltr'>Albuti</span> <span class='ocrx_word' id='word_1_260' title='bbox 315 3366 391 3423; x_wconf 89' lang='lat' dir='ltr'>senis</span> <span class='ocrx_word' id='word_1_261' title='bbox 405 3365 543 3441; x_wconf 82' lang='lat' dir='ltr'>exemplo,</span> <span class='ocrx_word' id='word_1_262' title='bbox 558 3365 626 3422; x_wconf 89' lang='lat' dir='ltr'>dum</span> <span class='ocrx_word' id='word_1_263' title='bbox 640 3367 738 3424; x_wconf 87' lang='lat' dir='ltr'>munia</span> <span class='ocrx_word' id='word_1_264' title='bbox 752 3367 833 3439; x_wconf 91' lang='lat' dir='ltr'>didit,</span> 
     </span>
    </p>

    <p class='ocr_par' dir='ltr' id='par_1_38' title="bbox 201 3443 998 3521">
     <span class='ocr_line' id='line_1_40' title="bbox 201 3443 998 3521; baseline 0.004 -20"><span class='ocrx_word' id='word_1_265' title='bbox 201 3445 299 3502; x_wconf 71' lang='lat' dir='ltr'>Savus</span> <span class='ocrx_word' id='word_1_266' title='bbox 313 3445 366 3502; x_wconf 89' lang='lat' dir='ltr'>erit</span> <span class='ocrx_word' id='word_1_267' title='bbox 374 3465 381 3514; x_wconf 92' lang='lat'>;</span> <span class='ocrx_word' id='word_1_268' title='bbox 403 3462 506 3521; x_wconf 88' lang='lat' dir='ltr'>neque,</span> <span class='ocrx_word' id='word_1_269' title='bbox 520 3445 594 3501; x_wconf 89' lang='lat' dir='ltr'>sicut</span> <span class='ocrx_word' id='word_1_270' title='bbox 607 3445 726 3520; x_wconf 86' lang='lat' dir='ltr'>simplex</span> <span class='ocrx_word' id='word_1_271' title='bbox 739 3443 866 3519; x_wconf 77' lang='lat' dir='ltr'>Naevius,</span> <span class='ocrx_word' id='word_1_272' title='bbox 881 3456 998 3504; x_wconf 88' lang='lat' dir='ltr'>unctam</span> 
     </span>
    </p>

    <p class='ocr_par' dir='ltr' id='par_1_39' title="bbox 199 3522 1082 3679">
     <span class='ocr_line' id='line_1_41' title="bbox 199 3522 1082 3602; baseline 0.002 -22"><span class='ocrx_word' id='word_1_273' title='bbox 199 3522 333 3580; x_wconf 85' lang='lat' dir='ltr'>Convivis</span> <span class='ocrx_word' id='word_1_274' title='bbox 345 3523 482 3599; x_wconf 80' lang='lat' dir='ltr'>praebebit</span> <span class='ocrx_word' id='word_1_275' title='bbox 495 3541 613 3598; x_wconf 87' lang='lat' dir='ltr'>aquam:</span> <span class='ocrx_word' id='word_1_276' title='bbox 634 3524 732 3581; x_wconf 90' lang='lat' dir='ltr'>vitium</span> <span class='ocrx_word' id='word_1_277' title='bbox 746 3525 801 3582; x_wconf 94' lang='lat' dir='ltr'>hoc</span> <span class='ocrx_word' id='word_1_278' title='bbox 814 3543 924 3602; x_wconf 89' lang='lat' dir='ltr'>quoque</span> <span class='ocrx_word' id='word_1_279' title='bbox 937 3541 1082 3600; x_wconf 78' lang='lat' dir='ltr'>magnum.</span> 
     </span>
     <span class='ocr_line' id='line_1_42' title="bbox 239 3600 1012 3679; baseline 0.005 -23"><span class='ocrx_word' id='word_1_280' title='bbox 239 3600 349 3675; x_wconf 90' lang='lat' dir='ltr'>Accipe</span> <span class='ocrx_word' id='word_1_281' title='bbox 363 3620 442 3659; x_wconf 87' lang='lat' dir='ltr'>nunc</span> <span class='ocrx_word' id='word_1_282' title='bbox 455 3603 547 3659; x_wconf 91' lang='lat' dir='ltr'>victus</span> <span class='ocrx_word' id='word_1_283' title='bbox 557 3603 651 3660; x_wconf 92' lang='lat' dir='ltr'>tenuis</span> <span class='ocrx_word' id='word_1_284' title='bbox 664 3621 726 3677; x_wconf 80' lang='lat' dir='ltr'>qnae</span> <span class='ocrx_word' id='word_1_285' title='bbox 739 3615 900 3679; x_wconf 87' lang='lat' dir='ltr'>quantaque</span> <span class='ocrx_word' id='word_1_286' title='bbox 912 3621 1012 3661; x_wconf 86' lang='lat' dir='ltr'>secum</span> 
     </span>
    </p>

    <p class='ocr_par' dir='ltr' id='par_1_40' title="bbox 200 3677 1150 3755">
     <span class='ocr_line' id='line_1_43' title="bbox 200 3677 1150 3755; baseline -0.002 -19"><span class='ocrx_word' id='word_1_287' title='bbox 200 3677 318 3736; x_wconf 73' lang='lat' dir='ltr'>Aderat.</span> <span class='ocrx_word' id='word_1_288' title='bbox 352 3678 496 3755; x_wconf 87' lang='lat' dir='ltr'>Imprimis</span> <span class='ocrx_word' id='word_1_289' title='bbox 509 3681 602 3738; x_wconf 89' lang='lat' dir='ltr'>valeas</span> <span class='ocrx_word' id='word_1_290' title='bbox 615 3680 704 3739; x_wconf 62' lang='lat' dir='ltr'>benm</span> <span class='ocrx_word' id='word_1_291' title='bbox 726 3699 803 3752; x_wconf 90' lang='lat' dir='ltr'>nam,</span> <span class='ocrx_word' id='word_1_292' title='bbox 817 3683 899 3739; x_wconf 78' lang='lat' dir='ltr'>variae</span> <span class='ocrx_word' id='word_1_293' title='bbox 912 3700 959 3739; x_wconf 88' lang='lat' dir='ltr'>res</span> <span class='ocrx_word' id='word_1_294' title='bbox 1111 3678 1150 3735; x_wconf 82' lang='lat'>70</span> 
     </span>
    </p>

    <p class='ocr_par' dir='ltr' id='par_1_41' title="bbox 200 3755 930 3831">
     <span class='ocr_line' id='line_1_44' title="bbox 200 3755 930 3831; baseline 0.001 -17"><span class='ocrx_word' id='word_1_295' title='bbox 200 3755 239 3814; x_wconf 91' lang='lat' dir='ltr'>Ut</span> <span class='ocrx_word' id='word_1_296' title='bbox 255 3767 377 3813; x_wconf 80' lang='lat' dir='ltr'>noceant</span> <span class='ocrx_word' id='word_1_297' title='bbox 391 3759 508 3830; x_wconf 89' lang='lat' dir='ltr'>homini,</span> <span class='ocrx_word' id='word_1_298' title='bbox 524 3759 633 3831; x_wconf 87' lang='lat' dir='ltr'>credas,</span> <span class='ocrx_word' id='word_1_299' title='bbox 648 3778 755 3817; x_wconf 89' lang='lat' dir='ltr'>memor</span> <span class='ocrx_word' id='word_1_300' title='bbox 769 3759 844 3817; x_wconf 90' lang='lat' dir='ltr'>illius</span> <span class='ocrx_word' id='word_1_301' title='bbox 856 3777 930 3816; x_wconf 76' lang='lat' dir='ltr'>esca</span> 
     </span>
    </p>

    <p class='ocr_par' dir='ltr' id='par_1_42' title="bbox 199 3834 938 3911">
     <span class='ocr_line' id='line_1_45' title="bbox 199 3834 938 3911; baseline 0.005 -19"><span class='ocrx_word' id='word_1_302' title='bbox 199 3835 276 3898; x_wconf 78' lang='lat' dir='ltr'>Quae</span> <span class='ocrx_word' id='word_1_303' title='bbox 291 3834 409 3911; x_wconf 82' lang='lat' dir='ltr'>simplex</span> <span class='ocrx_word' id='word_1_304' title='bbox 422 3836 489 3893; x_wconf 90' lang='lat' dir='ltr'>olim</span> <span class='ocrx_word' id='word_1_305' title='bbox 504 3836 555 3894; x_wconf 92' lang='lat' dir='ltr'>tibi</span> <span class='ocrx_word' id='word_1_306' title='bbox 569 3838 681 3896; x_wconf 88' lang='lat' dir='ltr'>sederit.</span> <span class='ocrx_word' id='word_1_307' title='bbox 716 3839 758 3898; x_wconf 90' lang='lat' dir='ltr'>At</span> <span class='ocrx_word' id='word_1_308' title='bbox 771 3837 853 3897; x_wconf 90' lang='lat' dir='ltr'>simul</span> <span class='ocrx_word' id='word_1_309' title='bbox 867 3837 938 3896; x_wconf 84' lang='lat' dir='ltr'>assis</span> 
     </span>
    </p>
   </div>
   <div class='ocr_carea' id='block_1_3' title="bbox 0 0 1358 4362">
    <p class='ocr_par' dir='ltr' id='par_1_43' title="bbox 0 0 1358 4362">
     <span class='ocr_line' id='line_1_46' title="bbox 0 0 1358 4362; baseline 0 0"><span class='ocrx_word' id='word_1_310' title='bbox 0 0 1358 4362; x_wconf 95' lang='lat' dir='ltr'> </span> 
     </span>
    </p>
   </div>
  </div>
 </body>
</html>
