2704 4362
497 306 746 358 EPISTOLARUM
763 309 830 359 nm.
848 308 884 360 11.
901 311 924 359 2.
1155 315 1209 375 181

259 449 353 515 Quod
367 469 423 510 non
436 449 518 527 plura
532 450 606 510 datis
620 451 777 510 invenerit:
799 463 938 512 ettamen
953 453 1029 512 idem

262 531 343 588 Scire
357 530 449 588 volam
463 527 601 604 quantiam
615 531 735 606 simplex
750 531 903 606 hilarisque
917 531 1014 607 nepoti

261 607 420 685 Discrepet,
432 620 464 668 et
476 606 616 683 qmntbm
629 610 774 668 discordet
784 627 891 687 parcus
904 627 997 668 avaro.

259 687 353 745 Distat
365 686 454 760 enim,
469 705 585 764 spargas
598 698 648 744 tua
660 689 805 764 prodigus,
821 707 857 746 an
872 708 967 764 neque
980 699 1125 765 sumptum
1153 690 1210 748 195

259 765 370 824 Invitus
383 766 481 838 facias,
495 783 588 841 neque
599 765 680 841 plura
690 785 789 842 parare
802 765 929 837 laborcs3

259 846 305 902 Ac
313 841 420 920 potibs,
433 863 504 919 puer
517 855 549 901 ut
560 843 642 902 fenis
650 844 881 920 Quinquatribus
893 846 972 920 olim,

135 935 137 942 ’
257 920 373 1000 Exiguo
387 933 523 1012 gratoque
538 921 639 980 fruens
652 934 778 998 tempore
792 924 901 999 raptim.

298 1006 317 1032 “
333 1001 488 1076 Pauperies
501 1001 649 1056 immunda
661 1001 759 1076 procul
773 1003 872 1076 procul
886 1003 972 1060 absit:
994 1021 1058 1078 ego,
1073 999 1169 1061 utrirm

259 1078 342 1137 Nave
357 1079 429 1136 ferar
443 1078 549 1154 magnai
561 1097 600 1134 an
611 1078 708 1153 parmi,
722 1079 796 1135 ferar
809 1097 884 1135 unus
897 1090 927 1136 ct
937 1081 1022 1137 idem.
1148 1079 1208 1138 200
1318 1121 1322 1130 ,

259 1155 327 1216 Non
338 1159 449 1234 agimur
462 1155 580 1213 tumidis
590 1157 659 1215 velis
670 1155 813 1232 Aquilone
828 1159 971 1228 secund03

257 1236 326 1295 Non
340 1247 437 1294 tamen
451 1234 576 1292 adversis
590 1245 702 1293 etatem
716 1236 848 1292 ducimus
861 1236 991 1307 Austris;

257 1315 383 1388 Viribus,
397 1312 524 1391 ingenio,
538 1314 650 1390 specie·
659 1315 771 1386 virtute,
784 1315 859 1387 loco,
870 1335 911 1389 re,

256 1393 384 1453 Extremi
398 1394 563 1470 primorum,
577 1393 711 1451 extremis
725 1413 814 1468 nsque
827 1394 945 1470 priores

296 1478 315 1504 ‘⁴
326 1473 394 1530 Non
405 1492 436 1530 es
447 1489 564 1529 avarus:
585 1473 640 1529 abi.
674 1472 778 1534 Quidl
798 1472 970 1548 caeterajam
981 1471 1064 1530 simul
1076 1472 1129 1530 isto
1147 1471 1206 1530 205

255 1552 334 1613 Cum
347 1551 414 1609 vitio
428 1549 547 1628 [ingemi
568 1557 646 1608 caret
659 1551 712 1608 tibi
725 1561 826 1626 pectus
838 1551 917 1609 inani

260 1629 447 1693 Ambitione?
466 1640 546 1686 caret
559 1629 658 1686 mortis
671 1629 831 1701 formidine,
841 1640 875 1687 et
888 1630 950 1687 irat

258 1707 387 1780 Somnia,
401 1718 521 1766 terrores
534 1707 670 1782 magicos,
684 1707 831 1778 miracula,
846 1715 943 1782 sagas‚'

259 1785 425 1844 Nocturnos
437 1786 562 1842 lemures
572 1795 759 1860 portentaque
773 1784 914 1841 Thessala
927 1785 1022 1842 ridesl

259 1865 378 1923 Natales
391 1863 471 1942 grate
487 1863 640 1920 numeras?
662 1863 786 1939 ignoscis
800 1858 921 1919 amicisl
1148 1859 1208 1919 210

259 1944 364 2002 lenior
378 1954 407 2001 et
420 1941 519 2001 melior
532 1941 565 1999 lis
576 1941 732 1999 accedente
746 1939 883 1999 senectbl

256 2023 340 2086 Quid
354 2034 382 2080 te
396 2032 527 2120 exempta
536 2021 616 2096 juvat
629 2019 718 2096 spinis
732 2020 768 2078 de
781 2019 910 2096 pluribus
920 2021 997 2076 unal

258 2101 362 2159 Vivere
377 2101 490 2158 sirecte
505 2099 609 2172 neseis,
624 2099 732 2157 decede
746 2099 851 2176 peritis

257 2179 363 2238 Lusisti
377 2177 455 2250 satis,
469 2178 553 2236 edisti
566 2175 636 2235 satis
650 2189 733 2254 atque
749 2178 861 2236 bibisti:

257 2259 388 2336 Tempus
402 2258 480 2316 abire
493 2257 545 2316 tibi
559 2265 612 2330 cst,
626 2275 663 2314 ne
677 2268 775 2333 potum
788 2253 897 2333 largibs
911 2273 990 2334 aquo
1147 2255 1207 2314 215

259 2335 366 2397 Rideat
378 2349 408 2396 et
420 2337 513 2414 pulset
525 2335 630 2394 lasciua
644 2333 793 2396 decentius
805 2337 899 2394 etas!
