2706 4362
154 238 249 356 lau
480 281 815 346 c-ucmuueuuocr

192 430 317 490 Lubrica
330 439 482 488 nascentes
496 428 615 505 implent
628 427 778 504 conchylia
790 428 874 485 lune.

113 539 117 548 ·
194 511 252 568 Sed
266 530 323 568 uon
337 527 421 566 omne
435 527 512 565 mare
526 519 569 574 eet
581 523 727 584 gennente
741 506 832 569 fertile
846 514 940 564 terte:

193 587 305 646 Murice
318 585 427 644 Baiano
441 586 538 644 melior
553 583 679 642 Lucrina
691 583 811 660 peloris;

192 667 295 724 Ostrea
305 664 436 736 Circeiis,
452 664 566 722 Miseno
577 665 708 722 criuntur
721 662 834 731 echiui;

192 744 357 802 Pectiuibus
370 743 474 819 patulis
485 743 574 820 jactat
584 762 615 799 se
629 739 713 800 molle
727 739 895 806 Turaratum.

191 820 256 880 Nec
270 823 324 879 sibi
338 841 483 904 ooeuarnm
498 821 588 897 quivis
601 816 708 878 temere
724 830 836 896 arroget
849 830 947 890 artem,
1050 832 1053 838 ‘

191 899 221 958 N
222 920 259 959 ou
273 898 352 980 priris
365 901 466 958 exacti
479 901 559 958 tenui
572 900 681 958 ratione
695 917 835 974 saporum.

191 977 221 1038 N
222 999 257 1038 ec
270 977 339 1040 satia
351 991 395 1038 est
408 979 475 1044 casti
488 980 582 1054 pisces
593 997 722 1038 averrere
736 978 836 1034 nense

191 1057 327 1135 Ignarum
343 1059 444 1134 quibus
458 1069 501 1116 est
510 1059 557 1134 jus
570 1057 674 1134 aptius,
686 1067 717 1116 et
729 1056 832 1132 qulbus
843 1056 915 1120 wie

192 1137 359 1214 Languidus
372 1138 403 1196 in
417 1137 545 1199 cubitum
557 1137 615 1212 jan
630 1155 661 1197 se
671 1136 793 1197 convita
806 1145 930 1210 reponet

191 1215 308 1289 Umber,
323 1228 352 1274 et
366 1217 454 1293 iligna
469 1216 591 1273 nutritus
605 1214 719 1291 glande,
734 1211 869 1272 rotundas

192 1295 299 1354 Curvet
312 1315 377 1372 aper
391 1295 488 1352 lances
502 1313 616 1352 carnem
631 1292 745 1350 vitantis
759 1292 895 1350 inertem:

192 1371 270 1431 Nam
284 1373 412 1432 Laurens
426 1374 517 1435 malus
530 1385 583 1444 est,
595 1371 669 1432 *uvis
681 1383 711 1430 at
724 1372 863 1436 arundine
877 1372 999 1448 pinguia.
1015 1415 1025 1424 -

191 1449 286 1510 Vinea
298 1454 438 1512 submittit
451 1470 568 1530 capreas
582 1471 639 1512 nnn
653 1470 764 1526 semper
776 1447 885 1508 edules.

192 1529 348 1590 Foecunde
362 1532 464 1608 leporis
476 1532 590 1607 sapiens
603 1530 757 1591 accubitui
772 1549 872 1588 minos.
908 1534 913 1540 '

192 1609 322 1668 Piscibus
336 1621 419 1686 atque
432 1609 530 1670 avius
543 1629 606 1686 quae
620 1620 722 1672 natura
734 1620 764 1668 et
778 1609 848 1668 leret
861 1619 939 1681 etas,

192 1690 269 1746 Ante
283 1708 379 1746 meum
392 1689 463 1747 nulli
477 1689 567 1765 patuit
580 1689 698 1764 quesita
710 1687 844 1764 palatum.

183 1769 268 1824 'Sunt
281 1787 399 1843 quorum
414 1768 560 1844 ingenium
575 1787 648 1826 nova
661 1765 771 1828 tautum
786 1767 912 1825 crustula
924 1767 1034 1844 promit

192 1843 381 1923 Nequaquam
394 1846 463 1912 satis
475 1846 506 1906 iu
520 1866 550 1905 re
564 1847 622 1912 und
636 1865 804 1909 consumere
817 1863 932 1910 curcum

192 1923 231 1982 Ut
244 1925 268 1982 si
281 1927 344 2001 quis
357 1924 448 1984 solium
463 1927 527 1998 hoc,
541 1926 615 1988 mala
628 1945 665 1984 ue
679 1927 737 1986 aiut
750 1927 824 1999 vina,
837 1926 945 1988 lauant

191 2003 281 2066 Quali
294 2005 445 2082 perfundat
457 2007 550 2081 pisces
563 2023 680 2064 securus
693 2005 774 2063 olivo.

192 2081 319 2142 Massica
332 2085 356 2142 si
370 2085 444 2143 coelo
457 2103 599 2162 supponas
613 2084 678 2142 vina
692 2103 802 2156 sereno,

185 2159 353 2233 Nocturni,
367 2163 391 2220 si
405 2164 471 2236 qaid
483 2163 572 2220 crassi
586 2173 638 2231 est,
652 2162 814 2222 tenuabitur
828 2161 908 2232 ant,

192 2239 230 2298 Et
243 2241 363 2296 decedet
375 2241 443 2297 odor
457 2241 550 2296 nervis
564 2240 697 2296 iuimicus
705 2260 712 2307 ;
734 2250 763 2296 at
776 2239 824 2296 illo

192 2316 340 2394 Integrnm
354 2319 477 2393 perdunt
489 2316 549 2374 lino
562 2316 658 2374 vitiata
672 2335 809 2392 saporem.

193 2397 450 2474 Surrentinatvaler
464 2397 512 2472 qui
526 2395 627 2460 miscet
642 2395 712 2454 tene
727 2395 850 2457 Falerni

192 2475 278 2546 Vina,
292 2475 454 2537 columbino
466 2476 565 2539 limum
579 2476 653 2534 bene
667 2474 775 2551 colligit
788 2494 856 2546 ovo;

190 2553 345 2614 Quatenus
359 2555 416 2623 ima
427 2555 498 2630 petit
509 2555 622 2614 volvens
636 2553 729 2615 aliem
743 2553 861 2613 vitellus.

191 2629 289 2688 Testis
303 2645 476 2693 marcentem
490 2633 598 2707 squillis
611 2632 753 2690 recreabis
767 2643 796 2692 et
809 2633 881 2694 Ant

191 2709 324 2768 Potorem
337 2712 472 2780 ccchlei;
494 2731 561 2772 nam
574 2711 688 2771 lactuca
701 2711 811 2774 meant
824 2711 883 2772 acri

191 2788 260 2847 Post
273 2790 369 2846 vinum
383 2791 543 2848 stomacho:
564 2791 654 2866 perui
667 2788 759 2868 magis
772 2811 807 2848 ac
821 2788 912 2867 magis
927 2791 1002 2854 hillis

190 2867 314 2944 Flagitat
328 2869 356 2926 in
372 2889 480 2927 morsus
494 2870 588 2939 relici;
610 2870 679 2946 quin
693 2871 790 2930 omnia
803 2870 892 2942 nuit,

189 2948 381 3024 Quocunque
395 2950 549 3010 immundis
560 2950 668 3008 fervent
681 2949 758 3011 illata
770 2948 890 3026 popinis.

190 3026 243 3084 Est
256 3046 348 3104 opere
360 3028 483 3104 pretium
497 3029 621 3104 duplicis
634 3048 803 3105 pernoscere
814 3029 885 3104 juria

190 3104 347 3164 Naturam:
369 3105 489 3182 simplex
502 3126 519 3164 e
533 3109 610 3168 dulci
622 3120 735 3168 constat
747 3108 830 3180 olivo,

189 3185 277 3245 Quod
292 3186 392 3261 pingui
405 3186 528 3246 miscere
542 3207 621 3247 mero
634 3188 783 3262 murirlque
797 3187 920 3259 decebit,

190 3262 258 3320 Non
273 3265 328 3321 allia
341 3263 427 3339 quiam
441 3265 498 3340 quel
513 3265 652 3340 Byzantia
665 3266 772 3342 putruit
785 3285 861 3326 orca.

191 3341 257 3399 Hoc
271 3343 319 3400 ubi
333 3344 483 3405 confusum
500 3345 584 3402 sectis
598 3344 733 3404 inferbuit
745 3345 851 3418 herbis,

190 3419 367 3496 Corycioque
381 3443 466 3481 croco
480 3441 605 3499 sparsum
619 3424 704 3495 stetit,
719 3425 833 3501 insuper
848 3424 934 3484 addes

190 3496 291 3555 Pressa
304 3501 477 3562 Venafranae
491 3503 565 3576 quod
580 3502 669 3560 bucca
682 3504 790 3566 remisit
802 3505 890 3564 olive.

190 3574 305 3633 Picenis
319 3580 426 3638 cedunt
439 3581 530 3656 pomis
543 3580 677 3640 Tiburtia
687 3602 789 3652 succo;

189 3653 267 3712 Nam
282 3655 355 3713 sacie
369 3669 510 3733 prestant.
552 3659 704 3720 Venucula
717 3661 849 3720 convenit
861 3659 940 3730 ollis;

190 3731 314 3792 Rectius
328 3735 470 3794 Albanam
487 3738 565 3796 sumo
578 3739 721 3798 duraveris
734 3756 825 3796 uvam.

191 3811 277 3871 Hanc
290 3831 344 3889 ego
358 3832 424 3872 cum
437 3816 529 3888 malis,
544 3837 599 3894 ego
613 3818 711 3876 fecem
724 3817 830 3894 primus
843 3827 873 3876 et
883 3817 975 3891 halec,
