2706 4362
161 358 202 415 92
485 353 517 409 Q.
535 351 681 401 nonam
698 351 823 408 FLACGI

203 495 262 554 Sed
276 505 372 554 tamen
386 505 480 553 amoto
492 514 651 571 queramus
665 496 740 554 seria
752 496 828 554 ludo.

201 573 254 632 Ille
268 593 381 649 gravem
396 573 467 632 duro
480 585 583 632 terram
596 575 646 649 qui
660 575 742 633 vertit
755 586 857 648 aratro,

201 651 330 710 Perfidus
344 652 392 710 hic
405 671 506 729 caupo,
520 653 612 723 miles,
626 665 777 729 nautaeque
790 673 841 730 per
853 671 939 710 omne

201 731 337 788 Audaces
351 749 428 788 mare
442 731 491 807 qui
505 743 633 804 comunt,
648 733 703 789 hac
717 744 813 792 mente
827 731 954 789 laborem

202 811 272 867 Sese
287 810 369 882 serre,
384 829 468 868 senes
482 821 512 869 ut
526 811 556 868 in
570 811 628 869 otia
641 822 703 869 tuta
716 811 863 884 recedant,

200 889 303 960 Aiunt,
316 908 403 964 quum
418 888 472 947 sibi
486 889 543 947 sint
556 902 693 966 congesta
703 889 827 947 cibaria:
848 889 923 946 sicut

199 965 329 1040 Parvula,
344 987 410 1025 nam
421 969 549 1045 exemplo
562 980 615 1041 est,
629 970 725 1046 magni
741 970 859 1027 formica
871 965 975 1028 laboris

199 1046 259 1103 Ore
274 1047 362 1104 trahit
375 1048 564 1122 quodcunque
578 1059 680 1123 potest,
695 1058 778 1124 atque
793 1049 872 1105 addit
885 1064 986 1104 acervo

199 1124 298 1186 Quem
313 1125 404 1197 struit,
418 1126 495 1183 haud
509 1127 608 1202 ignara
622 1146 656 1184 ac
669 1146 727 1184 non
743 1127 858 1185 incanta
872 1126 967 1184 futuri.

199 1202 287 1275 Quae,
302 1204 386 1262 simul
401 1204 545 1262 inversum
559 1207 707 1264 contristat
721 1206 864 1281 Aquarius
878 1222 996 1276 annum,

200 1280 269 1339 Non
285 1301 402 1358 usquam
416 1285 548 1360 prorepit,
563 1295 592 1341 et
603 1285 658 1340 illis
672 1285 758 1344 utitur
773 1279 839 1341 ante

199 1361 340 1422 Quasitis
354 1363 485 1437 sapiens:
506 1380 594 1437 quum
608 1374 635 1419 te
649 1381 742 1438 neque
757 1363 881 1420 fervidus
898 1372 983 1419 estus

199 1439 349 1497 Dimoveat
362 1440 452 1512 lucro,
466 1459 558 1515 neque
573 1441 673 1512 hiems,
689 1442 773 1516 ignis,
788 1458 877 1514 mare,
892 1441 1015 1510 ferrum3
1068 1447 1071 1456 ’

199 1517 251 1576 Nil
264 1519 356 1578 obstet
369 1518 430 1592 tibi,
445 1520 513 1576 dum
527 1539 564 1576 ne
578 1519 614 1576 sit
627 1529 655 1576 te
669 1520 752 1578 ditior
767 1520 845 1578 alter.

199 1598 282 1659 Quid
294 1598 374 1674 juvat
388 1599 559 1656 immensum
574 1609 601 1655 te
616 1599 726 1674 argenti
740 1599 853 1676 pondus
866 1609 895 1658 et
906 1596 967 1654 auri

199 1675 311 1733 Furtim
325 1677 437 1734 desossd
448 1676 580 1734 timidum
594 1677 736 1754 deponere
750 1678 884 1735 territi-

198 1755 299 1826 Quod,
320 1756 343 1812 si
358 1756 547 1827 comminuas,
561 1757 646 1814 vilem
660 1757 805 1833 redigatur
819 1757 856 1814 ad
870 1772 1012 1813 assem.-

199 1833 250 1904 At,
265 1835 294 1890 ni
310 1835 391 1906 idib,
407 1835 474 1910 quid
490 1835 575 1892 habet
587 1835 700 1910 pulchri
714 1846 894 1894 constructus
908 1833 1048 1892 acervusl

200 1911 294 1971 Millia
309 1914 443 1972 frumenti
457 1924 505 1971 tua
519 1914 627 1970 triverit
641 1934 706 1972 area
719 1926 853 1984 centum3

198 1991 267 2050 Non
281 2003 347 2050 tuus
361 1993 416 2052 hoc
429 1992 524 2069 capiet
537 2005 635 2050 venter
647 1994 711 2068 plus
724 1992 809 2070 qudm
823 2010 920 2050 meus:
942 2001 983 2064 ut,
997 1991 1021 2047 si

199 2070 370 2129 Reticulum
383 2071 466 2149 panis
480 2072 594 2129 venales
609 2072 683 2130 inter
696 2083 798 2131 onusto

199 2149 287 2208 Forte
302 2152 388 2208 vehas
403 2152 531 2221 humero,
546 2151 636 2208 nihilo
651 2151 715 2225 plus
729 2151 853 2226 accipias
867 2148 953 2226 qudm

201 2231 266 2295 Qui
279 2230 319 2288 nil
333 2229 458 2307 portririt.
494 2228 548 2286 Vel
564 2229 621 2302 dic,
635 2230 702 2304 quid
716 2230 819 2286 referat
833 2230 907 2286 intra
977 2261 978 2264 ¹

172 2353 175 2362 f
199 2308 318 2367 Nature
332 2309 404 2366 lines
418 2307 532 2379 viventi,
544 2307 646 2383 jugera
659 2307 785 2383 centum,
800 2328 837 2366 an

199 2387 281 2446 Mille
295 2387 456 2445 aretl-At
469 2405 555 2444 suave
568 2397 612 2445 est
626 2407 662 2444 ex
675 2407 779 2465 magno
793 2387 890 2446 tollere
905 2403 1055 2442 acervo.-

199 2467 277 2525 Dum
290 2487 326 2524 ex
339 2487 425 2543 parvo
438 2465 520 2524 nobis
534 2467 701 2524 tantundem
717 2469 829 2526 haurire
844 2466 915 2524 reliu
934 2483 995 2537 uae,

199 2546 259 2604 Cur
272 2557 322 2604 tua
335 2543 400 2622 plds
413 2546 512 2603 laudes
527 2547 651 2604 cumeris
664 2548 795 2622 maneria
809 2484 935 2604 nostrisi

200 2622 248 2697 Ut,
262 2625 312 2683 tibi
327 2626 351 2682 si
366 2624 402 2682 sit
414 2643 486 2700 opus
499 2624 598 2700 liquidi
612 2644 669 2682 non
685 2626 805 2702 amplius
819 2625 902 2696 umal,

198 2703 253 2761 Vel
268 2705 380 2779 cyatho,
394 2714 423 2762 et
437 2703 533 2762 dicas:
558 2707 576 2734 “
589 2701 698 2780 Magno
711 2705 747 2761 de
762 2703 878 2760 flumine
889 2700 1013 2773 mallem,
1113 2699 1151 2758 55
1244 2749 1246 2754 .

198 2781 297 2844 Quam
312 2804 348 2840 ex
361 2784 416 2842 hoc
430 2783 566 2841 fonticulo
579 2784 748 2841 tantundem
762 2782 901 2840 sumere.’'
943 2775 989 2838 Εὸ
1003 2777 1035 2838 fit

199 2861 315 2920 Plenior
329 2874 361 2919 ut
374 2863 398 2918 si
412 2882 482 2937 quos
496 2863 619 2920 delectet
632 2863 715 2938 copia
725 2863 810 2938 justo,

199 2941 275 2999 Cum
289 2941 351 3016 ripd
364 2940 448 2997 simul
463 2942 573 2999 avulsos
587 2942 659 3000 ferat
673 2941 795 3000 Aufidus
810 2959 889 3005 acer:

200 3021 301 3095 Atqui
315 3019 425 3078 tantulo
436 3030 501 3094 eget
514 3032 619 3096 quanto
633 3032 675 3079 est
689 3040 769 3100 opuS,
784 3022 807 3078 is
821 3039 913 3097 neque
927 3019 995 3078 limo
1048 3034 1051 3040 '
1129 3089 1131 3096 Ι

198 3099 358 3158 Turbatam
373 3099 466 3158 haurit
479 3120 591 3175 aquam,
603 3119 696 3178 neque
710 3101 795 3157 vitam
809 3100 912 3158 amittit
925 3099 956 3158 in
969 3097 1062 3156 undis.
1112 3095 1151 3154 60

239 3177 281 3237 At
295 3181 368 3238 bona
381 3199 446 3256 pars
460 3180 608 3237 bominum
623 3181 743 3257 decepta
756 3181 891 3257 cupidine
906 3179 985 3251 falso,

200 3263 219 3290 “
231 3257 282 3315 Nil
294 3257 362 3315 satis
372 3259 444 3328 est‚''
456 3259 563 3334 inquit3
579 3264 596 3289 “
608 3261 674 3334 quia
683 3259 763 3331 tanti,
775 3271 912 3335 quantum
925 3258 1040 3330 habeas,
1052 3255 1118 3312 sis.''

198 3336 280 3399 Quid
295 3337 382 3396 iacias
396 3337 456 3395 illil
474 3337 574 3413 jubeas
588 3338 722 3394 miserum
737 3357 811 3411 esse,
824 3338 944 3396 libenter
1062 3345 1064 3350 “

198 3415 354 3476 Quatenus
368 3418 398 3474 id
412 3416 496 3474 facit:
518 3427 549 3472 ut
562 3416 676 3490 quidam
691 3428 863 3474 memoratur
878 3416 1012 3489 Athenis,

200 3495 338 3552 Sordidus
353 3516 386 3553 ac
401 3496 489 3568 dives,
502 3495 599 3572 populi
613 3505 796 3552 contemnere
810 3515 894 3554 voces
1110 3492 1150 3550 65

200 3573 251 3631 Sic
265 3573 379 3632 solitus:
402 3579 420 3606 “
431 3574 556 3651 Populus
570 3594 615 3631 me
631 3574 739 3643 sibilat;
762 3585 790 3633 at
805 3575 874 3632 mibi
887 3575 992 3650 plaudo

199 3650 267 3727 Ipse
281 3652 367 3725 domi,
382 3654 466 3710 simul
482 3672 515 3710 ac
529 3672 662 3712 nummos
676 3653 851 3732 contemplor
865 3654 894 3710 in
908 3651 1004 3710 arcdss’

200 3729 341 3788 Tantalus
355 3750 371 3788 a
386 3732 472 3789 labris
483 3733 582 3789 sitiens
596 3733 734 3810 fugientia
748 3742 843 3807 captat

200 3807 342 3868 Flumina.
376 3809 458 3870 Quid
473 3811 570 3867 ridesl
590 3823 698 3869 mutato
712 3810 828 3868 nomine
841 3811 877 3867 de
891 3821 919 3870 te

201 3885 311 3946 Fabula
324 3897 470 3946 narratur:
492 3890 635 3962 congestis
648 3890 774 3965 undique
789 3889 880 3947 saccis
