2706 4362
467 291 479 350 '.
521 299 728 354 snrrmsuu
746 300 812 350 urs.
830 301 867 350 11.
883 304 908 350 a.
1160 306 1217 364 125

264 441 394 504 Extimui
407 461 444 500 ne
457 461 506 502 ros
520 454 617 520 agera
630 443 745 502 vesania
760 444 885 514 discors3

262 519 311 578 Tu
325 519 552 593 Nomentanum,
565 533 597 580 tu
611 542 649 580 ne
662 541 812 598 sequerere
827 523 967 582 Cicutam.
1160 525 1217 581 175

260 599 370 670 Quare,
381 619 431 675 per
446 601 526 658 diros
539 612 636 659 oratus
650 606 768 677 uterque
780 601 912 674 Penates,

259 677 309 734 Tu
323 697 393 736 cave
408 699 445 736 ue
461 680 584 752 minuas,
598 690 630 738 tu
641 700 678 738 ne
692 681 785 756 majus
795 680 883 738 facias
897 681 926 738 id

259 757 350 818 Quod
365 758 435 816 satls
448 777 511 816 esse
525 769 606 835 putat
621 770 708 834 pater,
722 769 751 816 et
765 772 867 818 natura
881 763 1004 818 coercet.

189 857 193 861 ’
258 835 411 907 Praeterea,
424 856 464 894 ne
478 857 526 896 ros
539 839 635 896 titillet
644 839 742 912 gloria,
754 838 829 914 jure·

256 914 379 990 jurando
392 916 567 992 obstringam
581 917 680 974 ambo:
702 917 868 992 uter-aedilis
879 918 997 976 fueritve
1161 915 1217 974 180

262 992 398 1052 vestram
412 1005 523 1069 praetor,
540 996 563 1059 is
577 995 746 1053 intestabilis
759 1006 789 1053 et
801 1016 881 1054 sacer
894 1008 963 1056 estc.

262 1071 299 1128 In
314 1073 409 1129 cicere
424 1084 507 1149 atque
524 1074 589 1132 faba
604 1075 680 1132 bona
693 1085 724 1132 tu
737 1075 894 1151 perdasque
909 1075 1023 1150 lupinis,

262 1150 353 1208 Latus
367 1162 398 1207 ut
412 1152 441 1208 in
457 1153 545 1210 Circo
558 1155 689 1229 spatiere,
704 1166 753 1211 aut
767 1173 864 1212 aeneus
879 1165 909 1210 ut
923 1165 990 1225 stes,

261 1228 367 1286 Nudus
381 1231 466 1308 agris,
478 1233 573 1289 nudus
585 1234 719 1304 nummis,
734 1233 843 1304 insane,
858 1233 1004 1308 paternisl

263 1309 380 1367 Scilicet
394 1321 425 1366 ut
438 1311 553 1386 plausus
566 1331 637 1388 quos
652 1312 705 1368 fert
720 1313 847 1388 Agrippa
862 1312 935 1368 feras
949 1323 989 1383 tu,
1161 1310 1217 1369 185

260 1388 364 1445 Astuta
377 1388 535 1464 ingenuum
550 1392 647 1466 vulpes
661 1390 770 1449 imitata
784 1391 895 1448 leonem
904 1391 924 1448 l’

261 1472 268 1498 ‘
285 1465 331 1524 Ne
345 1469 408 1543 quis
422 1469 555 1527 humdsse
570 1471 637 1528 velit
652 1471 782 1546 Ajacem,
798 1471 910 1542 Atrida,
924 1479 1003 1526 vetas
1015 1469 1096 1527 curl'

261 1551 268 1576 ‘
282 1546 347 1603 Rex
361 1550 442 1604 sum!
485 1547 554 1606 ‘Nil
568 1547 642 1606 ultrd
656 1567 752 1624 quaro
764 1550 910 1624 plebeius.'
954 1548 1010 1604 ‘Et
1025 1567 1134 1623 aequam

261 1625 339 1682 Rern
353 1625 481 1700 imperito
492 1647 508 1686 :.
520 1638 558 1697 at,
572 1627 595 1684 si
610 1627 658 1685 cui
672 1628 768 1685 videor
781 1648 839 1685 non
851 1629 954 1704 justus,
969 1627 1059 1685 inulto

263 1703 368 1760 Dicere
381 1706 456 1779 quod
471 1706 557 1762 sentit
570 1706 719 1780 permitto!
763 1705 908 1762 ‘Maxime
919 1723 1029 1780 regum,
1177 1706 1217 1762 90

263 1781 302 1838 Di
317 1782 367 1839 tibi
381 1784 449 1839 dent
460 1784 544 1857 capti
558 1783 677 1840 classem
692 1783 829 1840 reducere
843 1784 949 1858 Trojd!

263 1859 342 1937 Ergo
357 1862 517 1932 consulere,
532 1873 561 1920 et
575 1880 641 1920 mox
654 1863 825 1936 respondere
839 1862 936 1919 licebit
946 1863 966 1919 l’

251 1939 426 2002 .‘Consule.’
463 1946 470 1971 ‘
482 1940 543 1998 Cur
557 1941 642 2016 Ajax,
654 1943 737 1998 heros
751 1942 787 1998 ab
798 1940 912 1998 Aclrille
924 1940 1078 2013 secundus,

262 2018 415 2091 Putrescit,
429 2019 512 2078 toties
526 2021 643 2078 servatis
656 2020 749 2078 clarus
765 2021 901 2078 Achivisl

261 2098 392 2156 Gaudeat
406 2110 437 2155 ut
451 2099 571 2174 populus
585 2099 690 2157 Priami
704 2099 888 2174 Priamusque
902 2099 1061 2169 inhumato,
1161 2099 1257 2156 195-
1343 2113 1345 2118 ’

262 2177 317 2234 Per
329 2196 414 2251 quem
429 2188 468 2234 tot
480 2177 600 2252 juvenes
613 2178 704 2254 patrio
717 2176 837 2235 caruere
851 2178 982 2253 sepulcro
991 2178 1011 2234 l'

261 2254 361 2313 ‘Mille
373 2255 468 2313 orium
482 2255 599 2316 insanus
613 2257 696 2315 morti
710 2257 798 2329 dedit,
813 2257 951 2332 inclytum
967 2255 1096 2330 Ulyssem
1145 2313 1147 2316 .

263 2335 301 2392 Et
317 2333 483 2392 Menelaum
497 2335 556 2393 unt
570 2355 683 2394 mecum
698 2355 728 2393 se
742 2337 875 2394 occidere
890 2336 1035 2394 clamans!

262 2413 329 2470 ‘Tu
341 2423 429 2488 quum
442 2433 494 2488 pro
503 2415 592 2472 vituli
606 2415 705 2472 statuis
718 2416 832 2472 dulcem
848 2415 954 2472 Aulide
968 2425 1063 2472 natam

261 2493 339 2551 Ante
354 2512 426 2564 aras,
437 2494 601 2570 spargisque
614 2493 690 2551 mola
705 2505 800 2570 caput,
812 2491 950 2570 improbe,
964 2493 1050 2563 salsi,
1156 2493 1216 2551 200

260 2571 386 2630 Rectum
401 2572 488 2632 animi
501 2574 624 2630 servasl’
661 2571 824 2636 ‘Quorsum
833 2573 853 2630 l’
889 2576 896 2602 ‘
909 2570 1032 2629 Insanus
1044 2571 1113 2647 quid
1126 2571 1203 2630 enim

339 2651 416 2710 A'ax

261 2729 354 2800 Fecit,
367 2671 456 2806 buum
471 2732 569 2790 stravit
583 2731 657 2790 ferro
667 2732 775 2806 pecual
796 2730 933 2787 abstinuit
946 2729 1004 2786 vim

261 2809 357 2866 Uxore
370 2819 399 2866 et
412 2821 508 2885 gnato,
521 2810 596 2866 mala
609 2811 698 2866 multa
711 2818 843 2882 precatus
857 2808 975 2864 Atridis.

261 2885 329 2944 Non
345 2887 391 2943 ille
405 2899 453 2943 aut
466 2887 616 2944 Teucrum
630 2896 679 2942 aut
693 2887 785 2958 ipsum
799 2885 911 2942 violavit
924 2884 1072 2960 Ulyssem!

263 2961 392 3021 ‘Verum
406 2980 470 3038 ego,
484 2975 515 3020 ut
529 2965 670 3020 haerentes
683 2963 801 3020 adverso
815 2962 907 3021 littere
922 2983 1009 3021 naves
1154 2965 1214 3021 205

262 3043 421 3119 Eriperem,
435 3042 561 3117 prudens
573 3039 682 3115 placari
696 3041 835 3116 sanguine
849 3043 946 3100 divos!

262 3122 398 3197 ‘Nempe
414 3135 473 3192 tuo,
489 3118 612 3180 furiose?
648 3117 744 3189 ‘Mem
758 3120 808 3175 sed
822 3139 879 3182 nou
895 3120 1034 3178 furiosus.¹

261 3202 344 3265 ‘Qui
358 3201 468 3277 species
481 3198 553 3260 alias
567 3196 640 3256 veris
653 3196 824 3272 scelerisque
838 3199 963 3259 tumultu

261 3282 421 3341 Permixtas
434 3279 537 3355 capiet,
552 3288 711 3335 commotus
725 3278 890 3347 habebitur;
912 3287 1006 3352 atque,

261 3361 428 3420 stultitiane
442 3369 527 3430 erret,
539 3356 660 3417 nihilum
675 3357 800 3429 distabit,
815 3377 851 3416 an
866 3357 918 3414 iria.
1155 3357 1215 3416 210

260 3441 346 3516 Ajax,
359 3457 446 3514 quum
460 3435 616 3496 immeritos
628 3436 746 3509 occidit,
760 3437 873 3512 desipit,
888 3437 999 3512 agnosl

259 3518 360 3580 Quum
374 3518 498 3592 prudens
511 3516 605 3574 scelus
618 3516 655 3573 ob
668 3515 764 3574 titulos
778 3516 902 3574 admittis
915 3515 1025 3588 inanes,

261 3597 326 3656 Stas
340 3596 453 3653 animal
473 3607 502 3656 et
515 3613 617 3670 purum
629 3604 672 3652 est
683 3595 751 3652 vitio
760 3595 822 3666 tibi,
831 3613 919 3670 quum
931 3595 1070 3653 tumidum
1081 3603 1133 3668 est,
1144 3598 1213 3654 corl

261 3675 293 3732 Si
306 3675 369 3750 quis
383 3674 485 3732 lectica
499 3675 619 3732 nitidam
633 3685 747 3750 gestare
760 3685 837 3732 amet
850 3693 963 3750 aguam,

260 3752 339 3810 Huic
354 3764 470 3824 vestem,
484 3764 515 3811 ut
528 3763 633 3828 gnatis,
647 3763 737 3827 paret,
751 3753 870 3812 ancillas
883 3765 971 3829 paret,
986 3773 1086 3814 aurum
1094 3775 1102 3825 ς
1152 3755 1214 3812 215

262 3831 371 3891 Rulam
385 3840 435 3888 aut
448 3829 731 3966 Rufillaprpppellet,
745 3831 864 3909 sortique
877 3834 979 3894 marito
