2706 4362
467 355 715 406 EPISTOLARUM
732 355 799 406 LIB.
817 358 838 405 Ι.
857 361 879 406 1.

220 497 314 578 AEque
329 499 490 576 neglectum
503 500 599 576 pueris
612 501 783 576 senibusque
797 500 920 560 nocebit.

220 580 322 638 Restat
335 590 366 636 ut
379 579 422 636 his
436 598 491 654 ego
501 597 547 635 me
561 579 620 654 ipse
635 597 732 654 regam
746 577 874 654 solerlpue
884 579 1049 638 elementis:
1123 630 1126 638 ,

219 658 286 716 Non
300 659 390 734 possis
402 659 487 715 oculo
499 655 637 733 quantum
652 659 825 716 contendere
840 657 984 734 Lynceus,

218 736 285 795 Non
300 749 395 794 tamen
410 737 517 793 idcirco
530 747 697 794 contemnas
710 737 803 812 lippus
817 737 934 813 inungi3

218 814 247 871 N
249 836 293 888 ec,
307 816 374 890 quia
388 816 520 891 desperes
534 816 632 872 invicti
646 817 772 872 membra
785 816 931 891 Glyconis,

219 893 338 953 Nodosri
352 913 454 969 corpus
468 895 540 952 nolis
553 895 703 970 prohibere
717 892 863 970 cheragra.

173 990 176 992 ·
219 973 273 1032 Est
284 974 409 1050 quadam
422 973 533 1048 prodire
547 985 640 1045 tenus,
654 974 677 1030 si
692 993 750 1031 non
764 975 846 1031 datur
859 972 942 1034 ultrd

162 1107 169 1120 ,
221 1052 323 1111 Fervet
333 1052 450 1108 avaritiis
464 1053 622 1127 miseroque
636 1052 771 1127 cupidine
784 1055 904 1128 pectusl

219 1133 294 1190 Sunt
307 1132 393 1188 verba
406 1143 435 1188 et
449 1150 533 1188 voces
546 1131 648 1206 quibus
663 1132 740 1188 hunc
753 1131 843 1188 lenire
856 1133 981 1190 dolorem

220 1211 326 1283 Possis,
340 1221 369 1267 et
383 1229 515 1285 magnam
529 1211 620 1268 morbi
634 1211 777 1285 deponere
791 1222 907 1286 partem.

219 1291 327 1348 Laudis
342 1308 436 1346 amore
451 1287 563 1346 tumesl
585 1301 651 1346 sunt
662 1300 740 1347 certe
753 1290 866 1365 piacula
879 1309 942 1365 quc
957 1302 984 1348 te

217 1369 278 1427 Ter
291 1366 362 1445 pure
377 1367 451 1426 lecto
464 1379 597 1444 poterunt
610 1388 739 1426 recreare
753 1369 857 1427 libello.

218 1448 346 1520 Invidus,
361 1448 524 1519 iracundus,
538 1449 624 1519 iners,
638 1449 763 1520 vinosus,
777 1460 895 1522 amator,

218 1528 312 1585 Nemo
326 1524 398 1584 adeo
413 1527 488 1584 ferus
502 1537 545 1583 est
559 1539 590 1584 ut
604 1547 661 1584 non
676 1527 826 1585 mitescere
840 1528 939 1602 possit,

218 1608 251 1664 Si
265 1603 351 1663 modd
365 1605 484 1663 culturae
498 1608 653 1681 patientem
667 1607 828 1671 commodet
841 1625 948 1664 aurern.

258 1685 357 1741 Virtus
370 1695 414 1740 est
427 1684 525 1762 vitium
540 1685 654 1758 fugere3
675 1697 704 1740 et
717 1684 857 1759 sapientia
868 1686 961 1759 prima

219 1763 347 1822 Stultius
361 1762 495 1820 caruisse.
536 1762 636 1832 Vides,
649 1781 712 1836 quae
726 1763 850 1818 maxime
863 1763 957 1819 credis

220 1842 293 1899 Esse
307 1841 390 1912 mala,
405 1841 540 1915 exiguum
554 1858 683 1911 censum,
698 1851 864 1915 turpemque
878 1841 1030 1916 repulsam,

218 1921 339 1983 Quanto
352 1921 460 1977 devites
474 1919 568 1976 animo
582 1919 737 1995 capitisque
751 1919 863 1976 labore:

219 1999 344 2076 Impiger
358 2009 499 2056 extremos
513 1999 603 2056 curris
618 2009 756 2055 mercator
770 1999 806 2054 ad
822 1997 920 2071 Indos,

219 2077 274 2136 Per
288 2097 365 2135 mare
379 2078 543 2154 pauperiem
555 2078 677 2153 lugiens
691 2096 741 2153 per
754 2097 833 2150 sexa,
846 2095 897 2154 per
911 2077 1009 2155 ignes:

218 2157 265 2215 Ne
280 2177 363 2215 cures
376 2177 409 2214 ea
424 2176 486 2232 quae
500 2154 585 2214 stulte
601 2157 711 2214 miraris
725 2168 753 2214 et
765 2168 856 2232 optas,

217 2235 336 2295 Discere
349 2248 378 2294 et
392 2237 500 2308 audire,
514 2246 543 2293 et
556 2236 666 2294 meliori
680 2236 797 2292 credere
812 2255 870 2293 non
885 2237 946 2294 visl

215 2316 294 2378 Quis
308 2318 416 2374 circum
429 2335 517 2391 pagos
530 2326 559 2372 et
572 2316 683 2372 circum
691 2316 820 2391 'compita
832 2335 951 2393 pugnax

219 2395 327 2472 Magna
340 2396 468 2454 coronari
482 2406 646 2458 contemnat
659 2393 803 2470 Olympia,
815 2395 862 2451 cui
877 2415 950 2471 spes,

218 2474 274 2532 Oui
288 2476 324 2532 sit
338 2474 463 2532 conditio
478 2474 570 2531 dulcis
584 2475 646 2530 sine
659 2473 773 2548 pulvere
785 2474 905 2548 palmael

257 2554 351 2611 Vilius
366 2564 513 2629 argentum
527 2563 570 2610 est
584 2572 662 2625 auro,
678 2553 826 2610 virtutibus
841 2561 949 2610 aurum.

218 2636 236 2662 “
248 2633 276 2690 Ο
290 2633 375 2704 cives,
390 2634 475 2704 cives,
489 2633 642 2707 quaerenda
656 2633 779 2707 pecunia
792 2629 915 2708 primirm
929 2643 982 2705 est,

218 2711 316 2786 Virtus
329 2724 392 2787 post
405 2713 563 2787 nummos.’'
606 2713 679 2768 Haeo
694 2711 786 2768 Janus
799 2731 927 2768 summus
941 2712 977 2768 ab
991 2712 1048 2770 imo

218 2789 373 2847 Prodocet:
395 2792 455 2847 htec
470 2792 602 2847 recinunt
613 2791 733 2865 juvenes
747 2791 851 2846 dictita
867 2809 1015 2864 senesque,

218 2868 303 2924 Laevo
317 2870 445 2942 suspensi
459 2869 567 2925 loculos
580 2868 762 2941 tabulamque
776 2868 890 2924 lacerto.

217 2947 250 3003 Si
264 2945 478 3020 quadringentis
492 2964 540 3001 sex
555 2956 663 3019 septem
677 2945 766 3001 millia
779 2946 893 3018 desunt,

219 3023 270 3082 Est
284 3025 396 3080 animus
410 3023 470 3094 tibi,
486 3034 553 3079 sunt
566 3041 667 3093 mores,
683 3034 711 3080 et
724 3023 831 3097 lingua,
846 3023 987 3098 fidesque;

217 3104 301 3162 Plebs
315 3103 379 3160 eris.
421 3103 461 3158 At
475 3102 554 3177 pueri
569 3101 711 3172 ludentes
720 3106 738 3130 “
752 3101 818 3158 Rex
830 3103 914 3174 eris,''
930 3103 1020 3174 aiunt,

218 3171 281 3241 “si
295 3179 373 3241 rectd
389 3181 503 3240 facies.'’
546 3180 605 3236 Hic
619 3198 717 3236 murus
731 3183 839 3237 aeneus
852 3192 923 3252 esto,

217 3262 266 3320 Nil
282 3262 410 3320 conscire
424 3260 487 3332 sibi,
502 3260 581 3317 nullia
595 3260 749 3336 pallescere
763 3259 857 3335 culpri.

218 3343 335 3413 Roscia,
349 3343 396 3400 dic
411 3342 503 3413 sodeS,
519 3340 616 3397 melior
631 3341 686 3411 lex,
701 3359 737 3396 an
752 3357 903 3415 puerorum
917 3349 961 3396 est

218 3421 329 3492 Naenia,
344 3441 406 3496 quac
420 3440 541 3497 regnum
555 3416 633 3477 recte
649 3419 818 3477 facientibus
831 3419 922 3491 offert,

218 3499 256 3556 Et
270 3500 395 3556 maribus
408 3501 504 3558 Curiis
518 3511 546 3558 et
560 3501 711 3558 decantata
724 3498 873 3556 Camillisl

219 3576 287 3634 Isne
301 3578 353 3634 tibi
366 3578 468 3636 melitis
482 3580 591 3650 suadet,
606 3579 663 3654 qui,
676 3597 737 3634 rem
753 3578 856 3647 facias3
878 3595 948 3649 rem,

219 3656 250 3712 Si
265 3657 363 3731 possis,
378 3655 472 3726 recte;
495 3659 518 3714 si
533 3677 600 3728 non,
614 3674 784 3730 quocunque
798 3659 881 3714 modo
895 3674 973 3726 rem;

156 3767 159 3774 ,
218 3734 257 3791 Ut
269 3732 383 3810 propius
398 3747 507 3808 spectes
522 3736 678 3810 lacrymosa
691 3737 823 3810 poemata
837 3733 928 3810 Pupi:

218 3815 267 3870 An
281 3814 330 3887 qui
344 3814 460 3870 fortunae
475 3825 502 3870 te
517 3833 681 3889 responsare
696 3815 823 3890 superbae

217 3892 352 3951 Liberum
366 3903 395 3948 et
409 3903 536 3949 erectum
549 3911 674 3968 praesens
688 3893 812 3951 hortatur
826 3905 855 3952 et
868 3894 963 3970 aptati

417 3971 454 4029 13

1125 3579 1164 3636 65
