2706 4362
478 337 725 387 EPISTOLARUM
741 339 808 386 LlB.
825 339 847 388 Ι.
863 342 888 387 d.

228 480 308 540 Bella
320 479 383 555 quis
396 491 424 538 et
436 499 522 555 paces
535 480 653 556 longum
667 480 800 537 diffundit
813 480 844 538 in
859 483 973 540 evuml

229 558 310 621 Quid
323 558 428 630 Titius,
443 559 576 616 Romana
590 559 667 616 brevi
680 571 816 616 venturus
829 559 859 615 in
873 580 932 632 ora,

230 636 374 695 Pindarici
389 637 473 694 sontis
486 637 535 712 qui
549 657 607 694 non
621 637 755 712 expalluit
765 634 893 710 haustus,

230 715 368 773 Fastidire
383 715 462 772 lacus
475 727 504 772 et
517 716 591 773 rivos
605 735 690 772 ausus
701 717 831 792 apertosl

230 794 268 852 Ut
281 795 377 851 valetl
398 806 429 850 ut
443 794 573 856 meminit
585 793 694 851 nostril
715 793 854 851 fidibusne
869 793 979 853 Latinis

228 873 388 930 Thebanos
402 883 498 946 aptare
512 874 611 929 modos
624 873 728 943 studet,
743 873 857 962 auspice
872 871 979 932 Musti

230 952 279 1008 An
293 950 403 1025 tragica
417 951 533 1007 desaevit
546 961 575 1006 et
588 919 776 1026 ampullatirr'
769 971 799 1007 ιιι
814 953 895 1008 artel

229 1030 311 1090 Quid
322 1028 393 1084 mihi
407 1028 510 1084 Celsus
525 1029 602 1103 agitl
624 1030 747 1085 monitus
749 1027 944 1106 multumque
953 1031 1123 1104 mouendus
1140 1032 1177 1088 15

230 1107 357 1165 Privatus
372 1117 402 1164 ut
415 1117 523 1181 quaerat
536 1127 614 1182 opes,
628 1119 657 1164 et
670 1118 787 1182 tangere
802 1109 868 1164 vitet

231 1187 343 1262 Scripta
357 1184 503 1242 Palatinus
517 1205 693 1275 quecunque
708 1187 815 1260 recepit
829 1187 948 1270 Apollo:

229 1264 286 1336 Ne,
301 1285 325 1321 s1
317 1261 410 1322 forte
424 1283 490 1320 suas
503 1265 652 1339 repetitum
668 1265 775 1322 venerit
787 1265 873 1322 olim

229 1344 308 1401 Grex
320 1344 414 1400 avium
428 1343 550 1418 plumas,
565 1353 676 1400 moveat
689 1343 871 1400 cornicula
849 1362 947 1416 risum,

230 1422 354 1480 Furtivis
368 1422 474 1478 nudata
487 1421 636 1478 coloribus.
679 1421 743 1496 Ipse
757 1422 826 1498 quid
840 1391 948 1479 audesl
1138 1423 1178 1480 2⁰

229 1502 307 1564 Quae
321 1500 530 1557 circumvolitas
544 1501 626 1574 agilis
640 1501 756 1574 thymal
778 1519 836 1557 non
851 1501 903 1556 tibi
916 1519 1033 1576 parvum

231 1580 397 1654 Ingenium,
411 1597 469 1635 non
483 1578 622 1636 incultum
637 1589 689 1649 est,
704 1597 759 1636 nec
773 1579 891 1654 turpiter
905 1580 1018 1643 hirtum,

232 1659 293 1714 Seu
306 1656 435 1731 linguam
451 1657 544 1712 causis
558 1656 648 1727 acuis,
662 1675 713 1712 seu
727 1656 818 1713 civica
829 1658 894 1731 jura

233 1734 423 1810 Respondete
436 1753 528 1808 paras,
542 1752 593 1789 seu
607 1702 708 1790 coirdis
722 1733 842 1790 amabile
856 1753 982 1814 carmen,

232 1814 329 1871 Prima
344 1813 418 1869 feres
432 1811 544 1867 hederae
559 1811 682 1867 victricis
695 1811 827 1887 praemia:
848 1808 960 1884 qudd
938 1805 962 1868 sr
1138 1812 1178 1869 25

232 1892 350 1968 brigida
364 1908 497 1947 curarum
513 1889 638 1948 fomenta
651 1889 810 1964 relinquere
822 1908 930 1964 posses,

231 1969 304 2032 Qud
318 1982 346 2027 te
360 1968 483 2028 coelestis
496 1969 638 2043 sapientia.
649 1968 798 2040 duceret,'
791 1987 855 2026 tres.

232 2049 299 2107 Hoc
313 2068 395 2124 opus,
409 2049 464 2104 hoc
478 2047 603 2104 studium
617 2048 695 2122 parvi
708 2065 890 2123 properemus
903 2061 933 2104 et
946 2047 1040 2123 ampli,

233 2129 266 2185 Si
279 2127 376 2203 patriae
391 2125 529 2198 volumus,
544 2127 569 2182 si
583 2127 675 2198 uobis,
689 2126 781 2184 vivere
796 2127 863 2183 cari.

270 2206 367 2263 Debes
380 2206 435 2262 hoc
448 2204 534 2260 etiam
548 2205 714 2278 rescribere,
729 2205 753 2261 si
767 2205 817 2262 tibi
832 2223 918 2276 curae,

229 2285 356 2347 Quautae
371 2283 530 2355 conveniat,
546 2282 712 2341 Munatius:
735 2302 771 2341 an
785 2281 950 2340 malesarta

231 2363 330 2420 Gratia
344 2362 533 2437 nequidquam
547 2364 605 2420 coit
619 2375 647 2420 et
660 2363 850 2422 rescinditur?
871 2372 900 2418 at
913 2381 962 2419 vos

232 2443 292 2498 Seu
305 2441 414 2498 calidus
427 2441 554 2515 sanguis,
568 2461 618 2498 seu
633 2461 728 2498 rerum
742 2441 858 2498 inscitia
872 2451 953 2498 vexat

232 2519 375 2578 Indomita
390 2519 502 2576 cervice
517 2519 599 2592 seros,
614 2520 778 2595 ubicunque
791 2520 919 2578 locorum

232 2599 344 2672 Vivitis,
359 2598 471 2674 indigni
487 2597 641 2658 fraternum
655 2619 785 2676 rumpere
800 2600 900 2672 fmdus,

213 2741 215 2744 ,
232 2677 361 2736 Pascitur
374 2678 405 2735 in
418 2689 542 2736 vestrum
555 2679 680 2757 reditum
693 2679 785 2736 votiva
795 2677 926 2754 juvenca.

550 2985 753 3044 EPISTOLA
775 2986 827 3044 1v.

505 3123 545 3162 an
565 3122 683 3161 aaaron
702 3101 865 3162 araucauu.

234 3233 499 3302 Aca1,nostrorum
514 3240 678 3282 sermonum
693 3222 814 3280 candide
825 3223 923 3298 judex,

233 3309 316 3372 Quid
330 3325 409 3366 nunc
424 3316 452 3363 te
466 3304 560 3362 dicam
576 3303 691 3360 sacere'
684 3323 713 3359 ιιι
728 3303 844 3378 regione
858 3298 995 3358 Pedanat

234 3389 366 3447 Scribere
380 3385 455 3461 quod
470 3382 553 3441 Cassi
568 3383 730 3440 Parmensis
742 3381 879 3458 opuscula
893 3379 1008 3436 vincatl

234 3467 284 3524 An
298 3466 415 3522 tacitum
429 3463 534 3521 silvas
527 3473 600 3520 mter
614 3473 723 3538 reptare
738 3462 875 3531 salubres,

235 3544 391 3600 Curantem
405 3543 541 3617 quidquid
555 3543 675 3617 dignum
689 3541 818 3615 sapiente
834 3505 962 3612 boiroque
977 3537 1040 3594 estl

235 3620 303 3678 Non
317 3632 349 3678 tu
362 3639 464 3694 corpus
476 3639 539 3678 eras
553 3620 615 3676 sine
628 3629 751 3694 pectore
792 3615 831 3674 Di
845 3615 897 3673 tibi
911 3615 1038 3688 formam,

234 3698 274 3756 Di
287 3699 339 3757 tibi
353 3697 463 3754 divitias
477 3699 626 3769 dederunt,
640 3708 784 3785 artemque
798 3695 919 3752 fruendi.

273 3777 355 3840 Quid
370 3786 469 3838 voveat
482 3777 559 3834 dulci
574 3743 717 3834 nuiricula
729 3774 819 3850 majus
833 3775 958 3848 alumno,

235 3856 299 3925 Qui
312 3874 412 3935 sapere
426 3855 520 3991 equpri
533 3855 620 3931 possit
635 3873 697 3930 que
711 3856 822 3928 sentiat,
837 3863 867 3912 et
879 3853 928 3912 cui
