2756 4366
524 332 810 387 centimolum.
828 333 877 386 111.

361 475 523 536 Risissent:
544 477 604 537 fore
616 477 695 536 enim
708 487 802 536 tutum
815 477 869 536 iter
882 487 912 536 et
924 487 1026 556 patens

517 555 684 616 Converso'
676 575 707 614 ιιι
720 557 845 633 pretium
858 559 920 616 deo.

361 636 474 694 Aurum
486 655 537 712 per
551 636 682 694 medios
676 655 716 693 ire
730 636 875 709 satellites,

360 715 399 773 Et
411 733 594 793 perrumpere
608 725 684 772 amat
695 733 765 771 saxa
767 715 932 792 ,potentius

362 793 427 852 Ictu
440 794 585 852 fulmineo.
627 793 762 852 Concidit
776 796 892 870 auguris

519 873 620 964 Argivi
633 873 744 944 domus,
757 873 795 930 ob
808 873 922 932 lucrum

362 949 502 1010 Demersa
514 951 634 1010 excidio
677 919 788 1010 Dillidit
801 953 916 1012 urbium

361 1029 500 1090 Portas
475 1049 517 1088 vn
531 1029 663 1102 Macedo,
677 1040 706 1087 et
719 1031 831 1088 subruit
844 1031 961 1092 emulos

361 1109 461 1186 Reges
475 1109 649 1167 muneribus
690 1105 815 1167 Munera
827 1110 944 1168 navium

520 1188 617 1245 Saevos
630 1187 784 1262 illaqueant
798 1188 895 1246 duces.

361 1266 547 1326 Crescentem
561 1267 688 1342 sequitur
702 1284 772 1323 cura
784 1268 948 1342 pecuniam,

361 1344 557 1422 Majorumque
573 1345 669 1402 fames.
711 1343 782 1403 dure
795 1347 944 1422 perhorrui

359 1423 431 1484 Late
446 1425 633 1500 conspicuum
645 1423 743 1483 tollere
758 1423 903 1497 verticem,

518 1501 674 1575 Maecenas,
687 1505 814 1578 equitum
828 1505 927 1564 decus.

358 1580 479 1646 Quautd
494 1583 617 1658 quisque
626 1582 679 1640 sibi
692 1584 775 1660 plura
787 1583 944 1659 negaverit,

361 1663 390 1721 A
403 1661 449 1720 dis
461 1662 542 1744 plura
556 1662 635 1720 seret
676 1661 728 1720 Nil
743 1663 921 1739 cupientium

255 1767 258 1771 >
362 1739 468 1798 Nudus
482 1750 575 1798 castra
587 1751 663 1814 peto,
677 1751 706 1798 et
719 1741 867 1830 transfuga
880 1741 1000 1800 divitum

519 1818 619 1874 Partes
632 1818 761 1892 linquere
774 1818 882 1896 gestio;

361 1895 540 1986 Contemptus
554 1895 687 1952 dominus
700 1888 873 1986 splendidior
885 1895 937 1968 rei,

360 1973 497 2039 Quum·
475 1995 499 2032 si
512 1974 649 2064 quidquid
663 1985 723 2042 etat
736 1974 856 2050 impiger
865 1973 1001 2052 Appulus

360 2053 518 2112 Occultare
533 2054 604 2112 meis
618 2054 729 2112 dicerer
743 2053 861 2126 horreis,

518 2131 663 2208 Magnas
655 2143 728 2190 mter
742 2151 811 2208 opes
824 2133 913 2209 inops.

359 2211 479 2272 l’urae'
456 2230 533 2269 rivus
547 2229 637 2286 aquae,
652 2210 798 2286 silvaque
786 2230 921 2288 Jugerum
995 2223 997 2227 ’

359 2292 531 2363 Paucorum,
545 2301 575 2349 et
588 2291 693 2368 segetis
707 2301 786 2348 certa
798 2290 869 2349 fides
883 2308 965 2366 meae,

339 2381 340 2384 ’
359 2337 551 2448 Fulgenteui
544 2371 662 2445 imperio
675 2369 775 2427 fertilis
789 2369 895 2428 Africae

518 2447 604 2524 Fallit
617 2458 692 2506 sorte
706 2449 823 2514 beatior,

357 2529 534 2604 Quanquam
548 2547 603 2586 nec
617 2527 746 2584 Calabrae
760 2526 845 2584 mella
858 2526 953 2596 ferunt
966 2543 1043 2605 apes,
1152 2509 1153 2516 ἵ

359 2607 425 2668 Nec
438 2606 633 2684 Lestrygonia
646 2605 801 2664 Bacchus'
794 2625 823 2664 m
838 2606 974 2682 amphord

358 2687 533 2765 Languescit
546 2687 626 2759 mihi,
640 2704 696 2744 nec
709 2685 827 2762 pinguia
838 2686 960 2744 Gallicis

516 2733 659 2824 Crescrint
671 2764 776 2822 vellera
789 2766 918 2840 pascuis,

359 2845 526 2921 Importune
535 2856 632 2901 temen
645 2844 794 2918 pauperies
807 2843 904 2912 ebest3

360 2922 436 2994 Nec,
450 2941 474 2978 st
466 2922 570 2997 plura
582 2921 676 2992 velim,
690 2930 722 2977 tu
734 2920 803 2978 dare
817 2921 973 2998 deneges.

358 2968 515 3060 Conlmcto
528 2997 630 3058 melius
643 3019 728 3075 parva
737 3001 873 3090 cupidine

516 3078 677 3154 Vectigalia
689 3079 842 3154 porrigam,

357 3155 496 3222 Quum
474 3176 498 3214 si
512 3155 678 3232 Mygdoniis
691 3174 811 3230 regnum
826 3155 954 3229 Alyattei

359 3237 477 3314 Campis
490 3235 664 3294 continuem.
707 3232 799 3291 Multa
812 3231 974 3324 petentibus

306 3367 312 3378 .
359 3317 472 3377 Desunt
484 3315 582 3374 multa.
623 3313 703 3373 Bene
717 3324 760 3372 est
773 3331 821 3371 cur
814 3312 916 3369 Deus
925 3309 1027 3372 obtulit

436 3478 457 3534 5
518 3393 610 3455 Parca
623 3395 699 3472 quod
713 3389 784 3454 sctls
797 3403 842 3454 est
855 3408 951 3468 manu.
