2706 4362
176 255 234 356 ira
494 295 841 355 caommrmcer.

218 437 328 496 Erucas
342 439 456 513 virides,
471 440 564 500 inulas
578 459 632 517 ego
644 442 753 520 primus
767 459 876 500 amaras

215 516 372 577 Monstravi
387 520 557 595 incoquere;
578 521 673 578 illatos
687 520 824 578 Curtillus
837 520 966 594 echinos,

215 597 253 654 Ut
267 596 368 657 melius
392 600 583 675 murid,qua1n
597 610 669 657 testa
682 601 792 658 marina
804 599 949 657 remittit''

216 675 329 734 Interea
343 667 481 753 suspensa
494 697 595 755 graves
608 679 698 736 aulaea
712 680 809 737 ruinas

216 755 250 812 In
264 755 388 830 patinam
403 755 508 829 secere,
523 758 664 815 trahentia
676 757 799 833 pulveris
813 757 864 815 atri
1128 763 1171 822 65

215 834 366 895 Quantum
380 854 438 893 non
452 837 559 912 Aquilo
572 834 728 914 Campanis
741 837 846 896 excitat
859 836 942 912 agris.

216 911 278 970 Nos
292 914 383 989 majus
397 915 488 987 veriti,
501 926 648 992 postquam
663 915 733 972 nihil
748 935 811 972 esse
824 915 925 990 pericli

217 992 375 1064 Sensimus,
389 994 532 1069 erigimur.
573 993 670 1052 Rufus
683 995 774 1070 posito
786 995 891 1070 capite,
905 1004 937 1052 ut
950 995 974 1052 si

217 1069 308 1128 Filius
322 1072 490 1130 immatur'us
503 1071 620 1144 obisset,
635 1072 709 1129 llere.
749 1073 826 1135 Quis
840 1083 915 1131 esset

217 1149 308 1221 Finis,
322 1151 352 1207 ni
368 1152 481 1227 sapiens
494 1153 536 1209 sic
550 1152 749 1209 Nomentanus
763 1153 887 1230 amicum
1127 1157 1169 1214 60

217 1228 365 1288 Tolleretl
408 1230 504 1288 “Heu
518 1231 660 1288 Fortuna!
681 1231 744 1305 quis
758 1244 801 1289 est
815 1232 956 1291 crudelior
970 1231 1000 1290 in
1013 1251 1066 1293 nos

217 1306 262 1364 Te
277 1309 367 1365 deust
389 1320 420 1366 ut
433 1329 544 1385 semper
557 1309 665 1385 gaudes
679 1309 796 1369 illudere
810 1311 895 1368 rebus

216 1385 374 1444 Humanis!
385 1389 401 1414 ''
430 1388 534 1445 Varius
548 1388 649 1464 meppia
662 1406 843 1466 compescere
857 1389 946 1448 risum

216 1465 273 1522 Vix
287 1477 402 1540 poterat.
444 1467 566 1539 Balatro,
581 1468 758 1542 suspendens
767 1469 864 1526 omnia
877 1488 957 1542 naso,

217 1548 235 1574 “
250 1544 323 1601 Haec
336 1556 380 1602 est
393 1546 518 1603 conditio
531 1546 673 1618 vivendi,''
689 1547 799 1616 aiebat;
821 1552 839 1578 ‘⁴
855 1545 947 1622 ebque
1126 1550 1168 1608 65

217 1621 402 1699 Responsura
414 1636 464 1683 tuo
478 1643 623 1700 nunquam
636 1635 680 1682 est
692 1645 741 1703 par
758 1625 831 1698 lama
844 1626 942 1698 labori.

217 1701 311 1774 Tene,
326 1714 358 1760 ut
371 1722 425 1779 ego
438 1705 561 1780 accipiar
574 1703 662 1776 laute,
675 1705 829 1780 torquerier
842 1706 921 1764 omui

218 1781 417 1852 Sollicitudine
430 1783 611 1852 districtum‘l
632 1802 668 1840 ne
682 1784 763 1859 panis
776 1784 905 1857 adustus,

217 1858 265 1917 Ne
280 1858 353 1916 male
367 1863 515 1920 conditum
527 1863 574 1938 jus
588 1865 762 1938 apponaturl
783 1873 814 1921 ut
827 1881 928 1921 omnes

217 1938 371 1996 Praecincti
385 1937 464 1998 rectd
478 1941 559 2017 pueri
574 1941 735 2020 comptique
748 1942 929 2000 ministranti
1126 1945 1167 2003 70

218 2017 303 2074 Adde
318 2019 369 2074 hos
382 2031 518 2094 praeterea
532 2037 631 2077 casus:
653 2021 742 2076 aulaea
756 2031 840 2078 ruant
852 2021 887 2094 si,

216 2093 255 2151 Ut
269 2093 370 2164 modb;
392 2097 415 2152 si
429 2099 553 2172 patinam
567 2099 639 2172 pede
652 2099 747 2172 lapsus
761 2099 872 2175 frangat
886 2118 979 2176 agaso.
1032 2155 1035 2161 .

216 2172 276 2228 Sed
289 2173 484 2245 convivatoris,
499 2171 541 2230 uti
555 2175 646 2245 ducis,
662 2177 808 2250 ingenium
822 2196 868 2234 res

217 2251 351 2306 Adversae
366 2252 474 2309 nudare
487 2251 586 2324 sole'nt,
601 2253 694 2309 celare
708 2255 871 2312 secundae.''

216 2327 392 2386 Nasidienus
407 2331 443 2386 ad
458 2331 535 2387 baec:
557 2330 651 2389 “Tibi
666 2330 705 2404 di,
719 2351 896 2409 quecunque
908 2335 1044 2411 -preceris,
1123 2338 1166 2395 ¹75

217 2407 374 2466 Commoda
387 2409 470 2479 dent;
492 2409 531 2467 ita
541 2410 581 2467 vir
596 2411 687 2468 bonus
700 2430 731 2468 es
744 2413 917 2489 convivaque
931 2415 1049 2472 comis.’'

216 2484 254 2543 Et
268 2487 357 2544 soleas
371 2489 469 2564 poscit.
511 2488 589 2546 Tum
604 2490 633 2547 in
647 2491 722 2548 lecto
735 2509 845 2566 quoque
860 2493 969 2552 videres

217 2565 343 2623 Stridere
357 2568 467 2624 secreti
478 2568 581 2626 divisos
595 2589 663 2627 aure
677 2588 813 2629 susurros.

593 2721 737 2756 HORATIUS.

111 2841 117 2852 -
216 2804 319 2864 Nullos
333 2806 377 2864 his
391 2808 503 2865 mallem
517 2807 599 2866 ludos
613 2810 773 2886 spectasse:
794 2812 844 2870 sed
855 2812 903 2869 illa

216 2885 330 2958 Redde,
345 2905 407 2962 age,
421 2906 484 2962 que
499 2887 634 2966 deinceps
646 2890 741 2948 risisti.

587 3059 747 3095 FUKDAMUS·

825 3127 959 3186 Vibidius
973 3127 1041 3186 dum
1121 3130 1162 3189 80

214 3203 328 3264 Quaerit
341 3203 376 3259 de
390 3203 487 3278 pueris
500 3223 569 3261 num
583 3205 619 3262 sit
632 3225 742 3281 quoque
757 3207 845 3264 fracta
858 3207 970 3283 lagena,

213 3279 303 3342 Quod
318 3281 370 3338 sibi
385 3283 512 3357 poscenti
526 3302 584 3340 non
597 3284 699 3340 dentur
712 3285 830 3358 pocula3
851 3287 975 3362 dumque

214 3359 337 3416 Ridetur
351 3360 425 3417 fictis
438 3380 542 3432 rerum,
557 3361 706 3418 Balatrone
720 3364 848 3420 secundo
856 3383 864 3434 ;

214 3436 243 3492 N
246 3438 381 3511 asidiene,
395 3439 470 3497 redis
484 3450 596 3496 mutatae
611 3440 718 3511 frontis,
733 3450 764 3496 ut
777 3452 835 3498 arte

215 3513 425 3574 Emendaturus
440 3519 596 3588 fortunam;
618 3519 722 3576 deinde
737 3520 847 3594 sequuti

215 3591 388 3652 Mazouomo
400 3599 481 3671 pueri
495 3618 599 3674 magno
613 3599 754 3675 discerpta
768 3599 889 3656 ferentes

215 3669 345 3729 Membra
358 3675 444 3748 gruis,
459 3679 547 3751 sparsi
562 3678 620 3735 sale
634 3679 732 3750 multo,
746 3696 804 3736 non
818 3679 879 3735 sine
893 3679 976 3754 farre,

214 3748 372 3824 Pinguibus
386 3763 415 3809 et
429 3753 489 3810 licis
503 3767 614 3830 pastum
626 3757 707 3832 jecur
719 3758 826 3816 anseris
839 3757 909 3830 albi;
