<?xml version="1.0" encoding="UTF-8"?>
<!DOCTYPE html PUBLIC "-//W3C//DTD XHTML 1.0 Transitional//EN"
    "http://www.w3.org/TR/xhtml1/DTD/xhtml1-transitional.dtd">
<html xmlns="http://www.w3.org/1999/xhtml" xml:lang="en" lang="en">
 <head>
  <title>
</title>
<meta http-equiv="Content-Type" content="text/html;charset=utf-8" />
  <meta name='ocr-system' content='tesseract 3.04.00' />
  <meta name='ocr-capabilities' content='ocr_page ocr_carea ocr_par ocr_line ocrx_word'/>
</head>
<body>
  <div class='ocr_page' id='page_1' title='image "./operaacceduntcl00horagoog_0036.png"; bbox 0 0 2756 4366; ppageno 0'>
   <div class='ocr_carea' id='block_1_1' title="bbox 527 360 914 440">
    <p class='ocr_par' dir='ltr' id='par_1_1' title="bbox 527 360 914 440">
     <span class='ocr_line' id='line_1_1' title="bbox 527 360 914 440; baseline 0 -29"><span class='ocrx_word' id='word_1_1' title='bbox 527 360 726 414; x_wconf 78' lang='lat' dir='ltr'>CARMINUM</span> <span class='ocrx_word' id='word_1_2' title='bbox 744 362 810 411; x_wconf 89' lang='lat' dir='ltr'><strong>LIB.</strong></span> <span class='ocrx_word' id='word_1_3' title='bbox 828 363 872 412; x_wconf 92' lang='lat'><strong>11·</strong></span> <span class='ocrx_word' id='word_1_4' title='bbox 907 427 914 440; x_wconf 29' lang='grc' dir='ltr'><strong><em>ο</em></strong></span> 
     </span>
    </p>
   </div>
   <div class='ocr_carea' id='block_1_2' title="bbox 357 503 940 1054">
    <p class='ocr_par' dir='ltr' id='par_1_2' title="bbox 357 503 940 1054">
     <span class='ocr_line' id='line_1_2' title="bbox 401 503 890 579; baseline 0.008 -19"><span class='ocrx_word' id='word_1_5' title='bbox 401 503 505 560; x_wconf 86' lang='lat' dir='ltr'><strong>Vultu:</strong></span> <span class='ocrx_word' id='word_1_6' title='bbox 526 505 594 579; x_wconf 91' lang='lat' dir='ltr'><strong>quid</strong></span> <span class='ocrx_word' id='word_1_7' title='bbox 608 506 720 562; x_wconf 75' lang='lat' dir='ltr'><strong>aeternis</strong></span> <span class='ocrx_word' id='word_1_8' title='bbox 734 506 890 565; x_wconf 84' lang='lat' dir='ltr'>minorem</span> 
     </span>
     <span class='ocr_line' id='line_1_3' title="bbox 436 582 846 660; baseline 0.008 -22"><span class='ocrx_word' id='word_1_9' title='bbox 436 582 571 640; x_wconf 88' lang='lat' dir='ltr'><strong>Consiliis</strong></span> <span class='ocrx_word' id='word_1_10' title='bbox 585 585 712 644; x_wconf 82' lang='lat' dir='ltr'><strong>animum</strong></span> <span class='ocrx_word' id='word_1_11' title='bbox 726 585 846 660; x_wconf 84' lang='lat' dir='ltr'><strong>latigasl</strong></span> 
     </span>
     <span class='ocr_line' id='line_1_4' title="bbox 357 659 940 758; baseline 0.003 -40"><span class='ocrx_word' id='word_1_12' title='bbox 357 659 417 718; x_wconf 83' lang='lat' dir='ltr'><strong>Cur</strong></span> <span class='ocrx_word' id='word_1_13' title='bbox 430 681 488 718; x_wconf 91' lang='lat' dir='ltr'><strong>non</strong></span> <span class='ocrx_word' id='word_1_14' title='bbox 503 663 556 718; x_wconf 90' lang='lat' dir='ltr'><strong>sub</strong></span> <span class='ocrx_word' id='word_1_15' title='bbox 571 662 627 718; x_wconf 86' lang='lat' dir='ltr'><strong>alta</strong></span> <span class='ocrx_word' id='word_1_16' title='bbox 641 663 685 720; x_wconf 90' lang='lat' dir='ltr'><strong>vel</strong></span> <span class='ocrx_word' id='word_1_17' title='bbox 699 663 813 758; x_wconf 84' lang='lat' dir='ltr'><strong>platano</strong></span> <span class='ocrx_word' id='word_1_18' title='bbox 826 663 869 720; x_wconf 85' lang='lat' dir='ltr'><strong>vel</strong></span> <span class='ocrx_word' id='word_1_19' title='bbox 884 662 940 720; x_wconf 91' lang='lat' dir='ltr'><strong>hac</strong></span> 
     </span>
     <span class='ocr_line' id='line_1_5' title="bbox 358 737 883 814; baseline 0.004 -18"><span class='ocrx_word' id='word_1_20' title='bbox 358 739 454 796; x_wconf 83' lang='lat' dir='ltr'><strong>Pinu&#39;</strong></span> <span class='ocrx_word' id='word_1_21' title='bbox 444 752 574 814; x_wconf 67' lang='lat' dir='ltr'><strong>jacentes</strong></span> <span class='ocrx_word' id='word_1_22' title='bbox 588 737 629 797; x_wconf 90' lang='lat' dir='ltr'><strong>sic</strong></span> <span class='ocrx_word' id='word_1_23' title='bbox 643 738 762 812; x_wconf 72' lang='lat' dir='ltr'><strong>temere,</strong></span> <span class='ocrx_word' id='word_1_24' title='bbox 777 752 806 798; x_wconf 86' lang='lat' dir='ltr'><strong>et</strong></span> <span class='ocrx_word' id='word_1_25' title='bbox 819 761 883 799; x_wconf 88' lang='lat' dir='ltr'><strong>rosa</strong></span> 
     </span>
     <span class='ocr_line' id='line_1_6' title="bbox 398 818 755 894; baseline 0.006 -20"><span class='ocrx_word' id='word_1_26' title='bbox 398 818 494 875; x_wconf 87' lang='lat' dir='ltr'><strong>Canos</strong></span> <span class='ocrx_word' id='word_1_27' title='bbox 507 820 616 876; x_wconf 88' lang='lat' dir='ltr'><strong>odorati</strong></span> <span class='ocrx_word' id='word_1_28' title='bbox 630 819 755 894; x_wconf 78' lang='lat' dir='ltr'><strong>capillos,</strong></span> 
     </span>
     <span class='ocr_line' id='line_1_7' title="bbox 436 896 892 974; baseline 0.009 -21"><span class='ocrx_word' id='word_1_29' title='bbox 436 896 515 954; x_wconf 89' lang='lat' dir='ltr'><strong>Dum</strong></span> <span class='ocrx_word' id='word_1_30' title='bbox 528 897 594 954; x_wconf 89' lang='lat' dir='ltr'><strong>licet</strong></span> <span class='ocrx_word' id='word_1_31' title='bbox 596 898 792 974; x_wconf 85' lang='lat' dir='ltr'><strong>‚Assyriaque</strong></span> <span class='ocrx_word' id='word_1_32' title='bbox 803 900 892 957; x_wconf 82' lang='lat' dir='ltr'><strong>nardo</strong></span> 
     </span>
     <span class='ocr_line' id='line_1_8' title="bbox 361 975 903 1054; baseline 0.006 -22"><span class='ocrx_word' id='word_1_33' title='bbox 361 975 496 1032; x_wconf 87' lang='lat' dir='ltr'><strong>Potamus</strong></span> <span class='ocrx_word' id='word_1_34' title='bbox 509 977 610 1033; x_wconf 85' lang='lat' dir='ltr'><strong>unctil</strong></span> <span class='ocrx_word' id='word_1_35' title='bbox 644 977 771 1054; x_wconf 84' lang='lat' dir='ltr'><strong>Dissipat</strong></span> <span class='ocrx_word' id='word_1_36' title='bbox 784 977 903 1036; x_wconf 88' lang='lat' dir='ltr'><strong>Evius</strong></span> 
     </span>
    </p>
   </div>
   <div class='ocr_carea' id='block_1_3' title="bbox 360 1053 869 1130">
    <p class='ocr_par' dir='ltr' id='par_1_3' title="bbox 360 1053 869 1130">
     <span class='ocr_line' id='line_1_9' title="bbox 360 1053 869 1130; baseline 0.01 -20"><span class='ocrx_word' id='word_1_37' title='bbox 360 1053 453 1111; x_wconf 83' lang='lat' dir='ltr'><strong>Cures</strong></span> <span class='ocrx_word' id='word_1_38' title='bbox 467 1055 580 1112; x_wconf 86' lang='lat' dir='ltr'><strong>edaces.</strong></span> <span class='ocrx_word' id='word_1_39' title='bbox 613 1055 690 1116; x_wconf 79' lang='lat' dir='ltr'><strong>Quis</strong></span> <span class='ocrx_word' id='word_1_40' title='bbox 703 1075 778 1130; x_wconf 88' lang='lat' dir='ltr'><strong>puer</strong></span> <span class='ocrx_word' id='word_1_41' title='bbox 788 1055 869 1115; x_wconf 82' lang='lat' dir='ltr'><strong>ocids</strong></span> 
     </span>
    </p>
   </div>
   <div class='ocr_carea' id='block_1_4' title="bbox 377 1133 1060 1302">
    <p class='ocr_par' dir='ltr' id='par_1_4' title="bbox 377 1133 1060 1302">
     <span class='ocr_line' id='line_1_10' title="bbox 377 1133 1060 1208; baseline -0.002 -17.968"><span class='ocrx_word' id='word_1_42' title='bbox 377 1133 574 1208; x_wconf 83' lang='lat' dir='ltr'><strong>Restinguet</strong></span> <span class='ocrx_word' id='word_1_43' title='bbox 588 1134 713 1191; x_wconf 87' lang='lat' dir='ltr'><strong>ardentis</strong></span> <span class='ocrx_word' id='word_1_44' title='bbox 727 1133 867 1192; x_wconf 83' lang='lat' dir='ltr'><strong>Falerni</strong></span> <span class='ocrx_word' id='word_1_45' title='bbox 937 1165 939 1171; x_wconf 42' lang='lat' dir='ltr'>v</span> <span class='ocrx_word' id='word_1_46' title='bbox 1047 1187 1060 1208; x_wconf 20' lang='grc' dir='ltr'><strong>Ἰ,</strong></span> 
     </span>
     <span class='ocr_line' id='line_1_11' title="bbox 407 1211 983 1302; baseline 0 -32"><span class='ocrx_word' id='word_1_47' title='bbox 407 1291 410 1294; x_wconf 21' lang='lat'>¹</span> <span class='ocrx_word' id='word_1_48' title='bbox 437 1211 545 1270; x_wconf 89' lang='lat' dir='ltr'><strong>Pocula</strong></span> <span class='ocrx_word' id='word_1_49' title='bbox 558 1223 747 1288; x_wconf 68' lang='lat' dir='ltr'><strong>pretereunte</strong></span> <span class='ocrx_word' id='word_1_50' title='bbox 761 1214 894 1302; x_wconf 71' lang='lat' dir='ltr'><strong>lymplial</strong></span> <span class='ocrx_word' id='word_1_51' title='bbox 979 1275 983 1281; x_wconf 61' lang='grc'><strong><em>,</em></strong></span> 
     </span>
    </p>
   </div>
   <div class='ocr_carea' id='block_1_5' title="bbox 549 1389 840 1408">
    <p class='ocr_par' dir='ltr' id='par_1_5' title="bbox 549 1389 840 1408">
     <span class='ocr_line' id='line_1_12' title="bbox 549 1389 840 1408; baseline 0.003 -1"><span class='ocrx_word' id='word_1_52' title='bbox 549 1389 840 1408; x_wconf 69' lang='lat'>———-——=—-</span> 
     </span>
    </p>
   </div>
   <div class='ocr_carea' id='block_1_6' title="bbox 616 1491 775 1588">
    <p class='ocr_par' dir='ltr' id='par_1_6' title="bbox 616 1491 775 1588">
     <span class='ocr_line' id='line_1_13' title="bbox 616 1491 775 1588; baseline 0.013 -2"><span class='ocrx_word' id='word_1_53' title='bbox 616 1491 700 1586; x_wconf 79' lang='lat' dir='ltr'><strong>ona</strong></span> <span class='ocrx_word' id='word_1_54' title='bbox 720 1530 775 1588; x_wconf 84' lang='grc' dir='ltr'>ιιι.</span> 
     </span>
    </p>
   </div>
   <div class='ocr_carea' id='block_1_7' title="bbox 567 1645 829 1722">
    <p class='ocr_par' dir='ltr' id='par_1_7' title="bbox 567 1645 829 1722">
     <span class='ocr_line' id='line_1_14' title="bbox 567 1645 829 1722; baseline 0.008 -18"><span class='ocrx_word' id='word_1_55' title='bbox 567 1665 607 1704; x_wconf 79' lang='grc' dir='ltr'>ιιι)</span> <span class='ocrx_word' id='word_1_56' title='bbox 622 1645 829 1722; x_wconf 68' lang='grc' dir='ltr'>ιιιιιοιιιιιιιιιζ</span> 
     </span>
    </p>
   </div>
   <div class='ocr_carea' id='block_1_8' title="bbox 359 1761 1091 3713">
    <p class='ocr_par' dir='ltr' id='par_1_8' title="bbox 359 1761 1091 3713">
     <span class='ocr_line' id='line_1_15' title="bbox 360 1761 909 1838; baseline 0 -18"><span class='ocrx_word' id='word_1_57' title='bbox 360 1761 456 1820; x_wconf 77' lang='lat' dir='ltr'><strong>Nonis</strong></span> <span class='ocrx_word' id='word_1_58' title='bbox 468 1763 554 1838; x_wconf 85' lang='lat' dir='ltr'><strong>longa</strong></span> <span class='ocrx_word' id='word_1_59' title='bbox 565 1765 631 1820; x_wconf 83' lang='lat' dir='ltr'><strong>ferae</strong></span> <span class='ocrx_word' id='word_1_60' title='bbox 645 1765 720 1822; x_wconf 88' lang='lat' dir='ltr'><strong>bella</strong></span> <span class='ocrx_word' id='word_1_61' title='bbox 733 1765 909 1836; x_wconf 73' lang='lat' dir='ltr'><strong>Numantia,</strong></span> 
     </span>
     <span class='ocr_line' id='line_1_16' title="bbox 360 1840 1065 1913; baseline 0.003 -15"><span class='ocrx_word' id='word_1_62' title='bbox 360 1840 427 1898; x_wconf 89' lang='lat' dir='ltr'><strong>Nec</strong></span> <span class='ocrx_word' id='word_1_63' title='bbox 440 1842 543 1909; x_wconf 76' lang='lat' dir='ltr'><strong>durum</strong></span> <span class='ocrx_word' id='word_1_64' title='bbox 558 1841 760 1913; x_wconf 89' lang='lat' dir='ltr'><strong>Hannibalem,</strong></span> <span class='ocrx_word' id='word_1_65' title='bbox 775 1862 830 1900; x_wconf 91' lang='lat' dir='ltr'><strong>nec</strong></span> <span class='ocrx_word' id='word_1_66' title='bbox 845 1844 974 1901; x_wconf 81' lang='lat' dir='ltr'><strong>Siculum</strong></span> <span class='ocrx_word' id='word_1_67' title='bbox 987 1861 1065 1900; x_wconf 85' lang='lat' dir='ltr'><strong>mare</strong></span> 
     </span>
     <span class='ocr_line' id='line_1_17' title="bbox 361 1919 1030 1997; baseline -0.002 -18"><span class='ocrx_word' id='word_1_68' title='bbox 361 1920 451 1979; x_wconf 88' lang='lat' dir='ltr'><strong>Poeno</strong></span> <span class='ocrx_word' id='word_1_69' title='bbox 465 1939 639 1996; x_wconf 88' lang='lat' dir='ltr'><strong>purpureum</strong></span> <span class='ocrx_word' id='word_1_70' title='bbox 660 1919 1030 1997; x_wconf 75' lang='lat' dir='ltr'><strong>sanguine,1uollibus‘</strong></span> 
     </span>
     <span class='ocr_line' id='line_1_18' title="bbox 519 1999 869 2074; baseline 0.003 -18"><span class='ocrx_word' id='word_1_71' title='bbox 519 1999 620 2074; x_wconf 84' lang='lat' dir='ltr'><strong>Aptari</strong></span> <span class='ocrx_word' id='word_1_72' title='bbox 634 2000 749 2058; x_wconf 78' lang='lat' dir='ltr'><strong>citharae</strong></span> <span class='ocrx_word' id='word_1_73' title='bbox 764 2001 869 2069; x_wconf 82' lang='lat' dir='ltr'><strong>modis3</strong></span> 
     </span>
     <span class='ocr_line' id='line_1_19' title="bbox 360 2077 950 2154; baseline 0.002 -19"><span class='ocrx_word' id='word_1_74' title='bbox 360 2077 426 2135; x_wconf 88' lang='lat' dir='ltr'><strong>Nec</strong></span> <span class='ocrx_word' id='word_1_75' title='bbox 440 2097 528 2135; x_wconf 85' lang='lat' dir='ltr'><strong>saevos</strong></span> <span class='ocrx_word' id='word_1_76' title='bbox 541 2079 687 2154; x_wconf 82' lang='lat' dir='ltr'><strong>Lapithas,</strong></span> <span class='ocrx_word' id='word_1_77' title='bbox 702 2091 736 2137; x_wconf 86' lang='lat' dir='ltr'><strong>et</strong></span> <span class='ocrx_word' id='word_1_78' title='bbox 741 2081 860 2138; x_wconf 90' lang='lat' dir='ltr'><strong>nimium</strong></span> <span class='ocrx_word' id='word_1_79' title='bbox 872 2098 950 2136; x_wconf 89' lang='lat' dir='ltr'><strong>mero</strong></span> 
     </span>
     <span class='ocr_line' id='line_1_20' title="bbox 360 2157 951 2231; baseline 0 -17"><span class='ocrx_word' id='word_1_80' title='bbox 360 2157 511 2231; x_wconf 85' lang='lat' dir='ltr'><strong>Hylaeurn;</strong></span> <span class='ocrx_word' id='word_1_81' title='bbox 533 2157 690 2215; x_wconf 81' lang='lat' dir='ltr'><strong>domitosva</strong></span> <span class='ocrx_word' id='word_1_82' title='bbox 704 2157 849 2214; x_wconf 82' lang='lat' dir='ltr'><strong>Herculea</strong></span> <span class='ocrx_word' id='word_1_83' title='bbox 864 2176 951 2214; x_wconf 90' lang='lat' dir='ltr'><strong>manu</strong></span> 
     </span>
     <span class='ocr_line' id='line_1_21' title="bbox 360 2235 919 2312; baseline -0.002 -19"><span class='ocrx_word' id='word_1_84' title='bbox 360 2235 508 2293; x_wconf 85' lang='lat' dir='ltr'><strong>Telluris</strong></span> <span class='ocrx_word' id='word_1_85' title='bbox 497 2255 625 2311; x_wconf 73' lang='lat' dir='ltr'><strong>juvenes,</strong></span> <span class='ocrx_word' id='word_1_86' title='bbox 641 2235 717 2290; x_wconf 91' lang='lat' dir='ltr'><strong>unde</strong></span> <span class='ocrx_word' id='word_1_87' title='bbox 731 2235 919 2312; x_wconf 87' lang='lat' dir='ltr'><strong>periculum</strong></span> 
     </span>
     <span class='ocr_line' id='line_1_22' title="bbox 466 2313 944 2388; baseline 0.007 -19.358"><span class='ocrx_word' id='word_1_88' title='bbox 466 2313 644 2388; x_wconf 79' lang='lat' dir='ltr'><strong>&#39;Fulgans</strong></span> <span class='ocrx_word' id='word_1_89' title='bbox 659 2315 829 2372; x_wconf 77' lang='lat' dir='ltr'><strong>contremuit</strong></span> <span class='ocrx_word' id='word_1_90' title='bbox 844 2316 944 2373; x_wconf 87' lang='lat' dir='ltr'><strong>domus</strong></span> 
     </span>
     <span class='ocr_line' id='line_1_23' title="bbox 361 2392 932 2468; baseline 0.002 -18"><span class='ocrx_word' id='word_1_91' title='bbox 361 2394 477 2450; x_wconf 82' lang='lat' dir='ltr'><strong>Saturni</strong></span> <span class='ocrx_word' id='word_1_92' title='bbox 491 2393 600 2449; x_wconf 84' lang='lat' dir='ltr'><strong>veteris.</strong></span> <span class='ocrx_word' id='word_1_93' title='bbox 636 2392 741 2467; x_wconf 88' lang='lat' dir='ltr'>Tuque</span> <span class='ocrx_word' id='word_1_94' title='bbox 754 2395 932 2468; x_wconf 76' lang='lat' dir='ltr'><strong>pedestribus</strong></span> 
     </span>
     <span class='ocr_line' id='line_1_24' title="bbox 360 2470 843 2544; baseline 0.002 -16"><span class='ocrx_word' id='word_1_95' title='bbox 360 2470 449 2528; x_wconf 89' lang='lat' dir='ltr'><strong>Dices</strong></span> <span class='ocrx_word' id='word_1_96' title='bbox 458 2471 586 2528; x_wconf 88' lang='lat' dir='ltr'><strong>historiis</strong></span> <span class='ocrx_word' id='word_1_97' title='bbox 618 2471 699 2528; x_wconf 86' lang='lat' dir='ltr'><strong>roelia</strong></span> <span class='ocrx_word' id='word_1_98' title='bbox 712 2471 843 2544; x_wconf 81' lang='lat' dir='ltr'><strong>Caesaris,</strong></span> 
     </span>
     <span class='ocr_line' id='line_1_25' title="bbox 360 2548 1091 2628; baseline 0.007 -22"><span class='ocrx_word' id='word_1_99' title='bbox 360 2548 516 2621; x_wconf 79' lang='lat' dir='ltr'><strong>Maecenas,</strong></span> <span class='ocrx_word' id='word_1_100' title='bbox 531 2549 643 2620; x_wconf 87' lang='lat' dir='ltr'><strong>melius,</strong></span> <span class='ocrx_word' id='word_1_101' title='bbox 659 2550 802 2625; x_wconf 87' lang='lat' dir='ltr'><strong>ductaque</strong></span> <span class='ocrx_word' id='word_1_102' title='bbox 815 2571 865 2628; x_wconf 88' lang='lat' dir='ltr'><strong>per</strong></span> <span class='ocrx_word' id='word_1_103' title='bbox 879 2551 938 2610; x_wconf 81' lang='lat' dir='ltr'><strong>vias</strong></span> <span class='ocrx_word' id='word_1_104' title='bbox 1011 2586 1018 2594; x_wconf 69' lang='lat'><strong>.‚</strong></span> <span class='ocrx_word' id='word_1_105' title='bbox 1042 2558 1044 2590; x_wconf 67' lang='grc' dir='ltr'><strong>ἓ</strong></span> <span class='ocrx_word' id='word_1_106' title='bbox 1090 2589 1091 2592; x_wconf 61' lang='lat'><em>=</em></span> 
     </span>
     <span class='ocr_line' id='line_1_26' title="bbox 516 2629 914 2704; baseline 0.005 -18"><span class='ocrx_word' id='word_1_107' title='bbox 516 2629 633 2704; x_wconf 86' lang='lat' dir='ltr'><strong>Regum</strong></span> <span class='ocrx_word' id='word_1_108' title='bbox 649 2629 722 2690; x_wconf 88' lang='lat' dir='ltr'><strong>colla</strong></span> <span class='ocrx_word' id='word_1_109' title='bbox 736 2631 914 2690; x_wconf 80' lang='lat' dir='ltr'><strong>minantium.</strong></span> 
     </span>
     <span class='ocr_line' id='line_1_27' title="bbox 359 2705 1027 2785; baseline 0.004 -20"><span class='ocrx_word' id='word_1_110' title='bbox 359 2705 410 2765; x_wconf 87' lang='lat' dir='ltr'><strong>Me</strong></span> <span class='ocrx_word' id='word_1_111' title='bbox 424 2708 522 2765; x_wconf 82' lang='lat' dir='ltr'><strong>dulces</strong></span> <span class='ocrx_word' id='word_1_112' title='bbox 535 2709 658 2766; x_wconf 78' lang='lat' dir='ltr'><strong>dominae</strong></span> <span class='ocrx_word' id='word_1_113' title='bbox 672 2708 758 2766; x_wconf 89' lang='lat' dir='ltr'><strong>Musa</strong></span> <span class='ocrx_word' id='word_1_114' title='bbox 771 2709 929 2785; x_wconf 83' lang='lat' dir='ltr'><strong>Licymniae</strong></span> <span class='ocrx_word' id='word_1_115' title='bbox 1023 2721 1027 2735; x_wconf 76' lang='lat'>²</span> 
     </span>
     <span class='ocr_line' id='line_1_28' title="bbox 362 2787 896 2858; baseline 0.004 -15"><span class='ocrx_word' id='word_1_116' title='bbox 362 2787 481 2858; x_wconf 86' lang='lat' dir='ltr'><strong>Cantus,</strong></span> <span class='ocrx_word' id='word_1_117' title='bbox 497 2805 542 2844; x_wconf 88' lang='lat' dir='ltr'><strong>me</strong></span> <span class='ocrx_word' id='word_1_118' title='bbox 557 2787 644 2845; x_wconf 92' lang='lat' dir='ltr'><strong>voluit</strong></span> <span class='ocrx_word' id='word_1_119' title='bbox 657 2789 753 2845; x_wconf 83' lang='lat' dir='ltr'><strong>dicere</strong></span> <span class='ocrx_word' id='word_1_120' title='bbox 766 2787 896 2846; x_wconf 79' lang='lat' dir='ltr'><strong>lucidlrm</strong></span> 
     </span>
     <span class='ocr_line' id='line_1_29' title="bbox 359 2862 898 2939; baseline 0.002 -18"><span class='ocrx_word' id='word_1_121' title='bbox 359 2862 517 2939; x_wconf 86' lang='lat' dir='ltr'><strong>Fulgentes</strong></span> <span class='ocrx_word' id='word_1_122' title='bbox 529 2865 637 2935; x_wconf 89' lang='lat' dir='ltr'><strong>oculos,</strong></span> <span class='ocrx_word' id='word_1_123' title='bbox 652 2875 681 2921; x_wconf 86' lang='lat' dir='ltr'><strong>et</strong></span> <span class='ocrx_word' id='word_1_124' title='bbox 694 2866 898 2922; x_wconf 84' lang='lat' dir='ltr'><strong>benemutuis·</strong></span> 
     </span>
     <span class='ocr_line' id='line_1_30' title="bbox 517 2941 952 3018; baseline 0.011 -21"><span class='ocrx_word' id='word_1_125' title='bbox 517 2941 622 2998; x_wconf 87' lang='lat' dir='ltr'><strong>Fidum</strong></span> <span class='ocrx_word' id='word_1_126' title='bbox 638 2954 740 3018; x_wconf 86' lang='lat' dir='ltr'><strong>pectus</strong></span> <span class='ocrx_word' id='word_1_127' title='bbox 752 2946 908 3004; x_wconf 87' lang='lat' dir='ltr'><strong>amoribus:</strong></span> <span class='ocrx_word' id='word_1_128' title='bbox 947 2945 952 2948; x_wconf 77' lang='grc'><strong>’</strong></span> 
     </span>
     <span class='ocr_line' id='line_1_31' title="bbox 359 3020 994 3097; baseline 0.003 -16"><span class='ocrx_word' id='word_1_129' title='bbox 359 3020 457 3081; x_wconf 81' lang='lat' dir='ltr'><strong>Quam</strong></span> <span class='ocrx_word' id='word_1_130' title='bbox 472 3039 526 3076; x_wconf 88' lang='lat' dir='ltr'><strong>nec</strong></span> <span class='ocrx_word' id='word_1_131' title='bbox 541 3021 613 3078; x_wconf 88' lang='lat' dir='ltr'><strong>ferre</strong></span> <span class='ocrx_word' id='word_1_132' title='bbox 626 3023 728 3097; x_wconf 87' lang='lat' dir='ltr'><strong>pedem</strong></span> <span class='ocrx_word' id='word_1_133' title='bbox 742 3025 877 3083; x_wconf 77' lang='lat' dir='ltr'><strong>dedecuit</strong></span> <span class='ocrx_word' id='word_1_134' title='bbox 890 3027 994 3095; x_wconf 87' lang='lat' dir='ltr'><strong>choris,</strong></span> 
     </span>
     <span class='ocr_line' id='line_1_32' title="bbox 361 3098 917 3173; baseline 0.005 -17"><span class='ocrx_word' id='word_1_135' title='bbox 361 3098 391 3156; x_wconf 94' lang='lat' dir='ltr'>N</span> <span class='ocrx_word' id='word_1_136' title='bbox 394 3118 428 3156; x_wconf 90' lang='lat' dir='ltr'><strong>ec</strong></span> <span class='ocrx_word' id='word_1_137' title='bbox 442 3110 550 3157; x_wconf 86' lang='lat' dir='ltr'><strong>certare</strong></span> <span class='ocrx_word' id='word_1_138' title='bbox 561 3099 636 3173; x_wconf 84' lang='lat' dir='ltr'><strong>joco,</strong></span> <span class='ocrx_word' id='word_1_139' title='bbox 651 3121 706 3159; x_wconf 91' lang='lat' dir='ltr'><strong>nec</strong></span> <span class='ocrx_word' id='word_1_140' title='bbox 718 3104 785 3159; x_wconf 87' lang='lat' dir='ltr'><strong>dare</strong></span> <span class='ocrx_word' id='word_1_141' title='bbox 800 3103 917 3160; x_wconf 86' lang='lat' dir='ltr'><strong>brachia</strong></span> 
     </span>
     <span class='ocr_line' id='line_1_33' title="bbox 360 3177 907 3252; baseline -0.002 -16"><span class='ocrx_word' id='word_1_142' title='bbox 360 3178 522 3236; x_wconf 84' lang='lat' dir='ltr'><strong>Ludentem</strong></span> <span class='ocrx_word' id='word_1_143' title='bbox 536 3177 633 3233; x_wconf 90' lang='lat' dir='ltr'><strong>nitidis</strong></span> <span class='ocrx_word' id='word_1_144' title='bbox 647 3179 811 3252; x_wconf 86' lang='lat' dir='ltr'><strong>virginibus,</strong></span> <span class='ocrx_word' id='word_1_145' title='bbox 826 3198 907 3236; x_wconf 81' lang='lat' dir='ltr'><strong>sacro</strong></span> 
     </span>
     <span class='ocr_line' id='line_1_34' title="bbox 519 3255 842 3314; baseline 0.009 -3"><span class='ocrx_word' id='word_1_146' title='bbox 519 3256 621 3314; x_wconf 83' lang='lat' dir='ltr'><strong>Dianae</strong></span> <span class='ocrx_word' id='word_1_147' title='bbox 635 3255 754 3314; x_wconf 88' lang='lat' dir='ltr'><strong>celebris</strong></span> <span class='ocrx_word' id='word_1_148' title='bbox 768 3257 842 3314; x_wconf 61' lang='lat' dir='ltr'><strong>dies</strong></span> 
     </span>
     <span class='ocr_line' id='line_1_35' title="bbox 360 3335 983 3412; baseline -0.005 -17"><span class='ocrx_word' id='word_1_149' title='bbox 360 3335 440 3395; x_wconf 90' lang='lat' dir='ltr'><strong>Num</strong></span> <span class='ocrx_word' id='word_1_150' title='bbox 453 3349 494 3409; x_wconf 89' lang='lat' dir='ltr'><strong>tu,</strong></span> <span class='ocrx_word' id='word_1_151' title='bbox 508 3355 571 3412; x_wconf 84' lang='lat' dir='ltr'><strong>quae</strong></span> <span class='ocrx_word' id='word_1_152' title='bbox 585 3337 677 3394; x_wconf 84' lang='lat' dir='ltr'><strong>tenuit</strong></span> <span class='ocrx_word' id='word_1_153' title='bbox 690 3337 767 3394; x_wconf 88' lang='lat' dir='ltr'><strong>dives</strong></span> <span class='ocrx_word' id='word_1_154' title='bbox 781 3337 983 3408; x_wconf 72' lang='lat' dir='ltr'><strong>Achaemenes,</strong></span> 
     </span>
     <span class='ocr_line' id='line_1_36' title="bbox 360 3415 1006 3494; baseline -0.003 -20"><span class='ocrx_word' id='word_1_155' title='bbox 360 3417 421 3474; x_wconf 87' lang='lat' dir='ltr'><strong>Aut</strong></span> <span class='ocrx_word' id='word_1_156' title='bbox 434 3417 548 3492; x_wconf 85' lang='lat' dir='ltr'><strong>pinguis</strong></span> <span class='ocrx_word' id='word_1_157' title='bbox 562 3416 692 3494; x_wconf 75' lang='lat' dir='ltr'><strong>Phrygiae</strong></span> <span class='ocrx_word' id='word_1_158' title='bbox 707 3415 878 3494; x_wconf 85' lang='lat' dir='ltr'><strong>Mygdonias</strong></span> <span class='ocrx_word' id='word_1_159' title='bbox 891 3434 969 3491; x_wconf 90' lang='lat' dir='ltr'><strong>opes,</strong></span> <span class='ocrx_word' id='word_1_160' title='bbox 999 3465 1006 3472; x_wconf 81' lang='grc'><strong>,.</strong></span> 
     </span>
     <span class='ocr_line' id='line_1_37' title="bbox 360 3495 882 3572; baseline 0 -20"><span class='ocrx_word' id='word_1_161' title='bbox 360 3495 524 3554; x_wconf 87' lang='lat' dir='ltr'><strong>Permutare</strong></span> <span class='ocrx_word' id='word_1_162' title='bbox 540 3497 609 3554; x_wconf 91' lang='lat' dir='ltr'><strong>velis</strong></span> <span class='ocrx_word' id='word_1_163' title='bbox 622 3499 701 3555; x_wconf 88' lang='lat' dir='ltr'><strong>crine</strong></span> <span class='ocrx_word' id='word_1_164' title='bbox 715 3497 882 3572; x_wconf 76' lang='lat' dir='ltr'><strong>Licymniae,</strong></span> 
     </span>
     <span class='ocr_line' id='line_1_38' title="bbox 369 3575 966 3636; baseline -0.003 -1"><span class='ocrx_word' id='word_1_165' title='bbox 369 3612 372 3617; x_wconf 92' lang='lat'>·</span> <span class='ocrx_word' id='word_1_166' title='bbox 518 3575 621 3636; x_wconf 86' lang='lat' dir='ltr'><strong>Plenas</strong></span> <span class='ocrx_word' id='word_1_167' title='bbox 635 3587 684 3634; x_wconf 87' lang='lat' dir='ltr'><strong>aut</strong></span> <span class='ocrx_word' id='word_1_168' title='bbox 699 3577 829 3634; x_wconf 82' lang='lat' dir='ltr'><strong>Arabum</strong></span> <span class='ocrx_word' id='word_1_169' title='bbox 850 3576 966 3633; x_wconf 82' lang='lat' dir='ltr'><strong>domosl</strong></span> 
     </span>
     <span class='ocr_line' id='line_1_39' title="bbox 439 3653 482 3713; baseline 0 -24"><span class='ocrx_word' id='word_1_170' title='bbox 439 3653 482 3713; x_wconf 65' lang='lat'><strong>3*</strong></span> 
     </span>
    </p>
   </div>
   <div class='ocr_carea' id='block_1_9' title="bbox 0 0 1385 4366">
    <p class='ocr_par' dir='ltr' id='par_1_9' title="bbox 0 0 1385 4366">
     <span class='ocr_line' id='line_1_40' title="bbox 0 0 1385 4366; baseline 0 0"><span class='ocrx_word' id='word_1_171' title='bbox 0 0 1385 4366; x_wconf 95' lang='lat' dir='ltr'><strong> </strong></span> 
     </span>
    </p>
   </div>
  </div>
 </body>
</html>
