2704 4362
346 664 394 756 Q.
434 659 720 738 uonrrrr
764 656 1017 733 rurccr-
1099 626 1103 631 ’

462 925 897 996 EPISTOLARUM
973 983 978 987 .

515 1162 621 1212 LIBER
648 1159 843 1213 SECUNDUS.

446 1395 778 1408 Ἣ
781 1393 917 1406 a·-

536 1611 543 1628 ·
559 1580 763 1640 EPISTOLA
776 1580 800 1637 l.

566 1720 607 1760 Au
620 1719 792 1760 AUGUSTUM.

225 1824 322 1886 Quurr
335 1833 376 1881 tot
390 1823 530 1881 sustineas
543 1832 572 1882 et
587 1832 665 1879 tanta
679 1819 793 1896 negotia
807 1819 892 1891 solus,

225 1903 288 1960 Res
302 1902 388 1960 Italas
402 1903 487 1960 armis
500 1901 609 1972 tuteris,
622 1901 746 1958 moribus
760 1917 854 1972 ornes,

225 1981 352 2058 Legibus
365 1982 511 2052 emendes,
526 1980 555 2036 in
570 1980 684 2055 publica
698 1980 847 2038 commoda
861 1997 991 2054 peccem,

226 2062 258 2118 Si
271 2061 357 2136 longo
370 2079 500 2118 sermone
514 2059 607 2115 morer
620 2069 669 2116 tua
683 2069 819 2134 tempora,
834 2059 939 2116 Caesar.
1047 2115 1049 2120 ,

265 2138 418 2209 Romulus,
433 2150 460 2195 et
473 2138 559 2194 Liber
573 2149 662 2211 pater,
678 2148 705 2193 et
720 2155 785 2192 cum
801 2137 919 2195 Castore
934 2137 1042 2213 Pollux,

225 2217 293 2274 Post
306 2218 434 2292 ingentia
448 2216 532 2285 facta,
545 2215 664 2271 deorum
678 2215 707 2271 in
724 2215 829 2290 templa
842 2218 960 2290 recepti,

225 2294 301 2353 Dum
316 2306 404 2353 terras
419 2294 622 2367 hominumque
637 2292 734 2351 colunt
748 2311 848 2368 genus,
864 2314 963 2371 aspera
977 2297 1051 2354 bella

225 2375 418 2450 componunt,
433 2392 514 2449 agros
528 2374 684 2448 assignant,
697 2373 800 2448 oppida
815 2376 952 2449 condunt,

225 2452 376 2511 Ploravdre
390 2453 449 2510 suis
463 2472 521 2510 non
535 2453 706 2528 respondere
721 2453 842 2510 favorem

226 2533 376 2608 Speratum
391 2533 509 2589 meritis.
550 2530 649 2588 Diram
665 2533 712 2606 qui
728 2533 858 2590 contudit
872 2534 1001 2610 hydram,

225 2608 361 2687 Notaque
375 2610 451 2668 fatali
465 2621 596 2686 portenta
609 2610 704 2668 labore
719 2613 840 2687 subegit,

226 2689 372 2765 Comperit
384 2690 520 2747 invidiam
535 2708 667 2765 supremo
681 2689 737 2746 fine
752 2691 867 2748 domari.

225 2768 290 2826 Urit
303 2770 379 2826 enim
394 2769 501 2845 fulgore
516 2788 577 2840 suo,
592 2769 640 2844 qui
654 2782 809 2844 praegravat
824 2781 898 2827 artes

225 2847 305 2905 Infra
318 2868 349 2905 se
363 2849 482 2924 positus:
505 2849 662 2906 exstinctus
677 2849 815 2907 amabitur
830 2850 914 2908 idem.

225 2927 362 2984 Praesenti
376 2929 426 2985 tibi
441 2940 565 2985 maturos
581 2927 715 3004 largimur
731 2929 860 3000 honores,

225 3005 244 3062 J
247 3008 424 3082 urendasque
438 3018 517 3063 tuum
532 3027 581 3082 per
596 3027 700 3064 nomen
715 3009 846 3083 ponimus
861 3027 932 3080 aras,

225 3083 277 3142 Nil
290 3086 427 3144 oriturum
443 3083 522 3157 aliis,
537 3087 576 3143 nil
591 3098 683 3144 ortum
699 3087 754 3143 tale
770 3088 897 3144 fatentes.

226 3165 284 3222 Sed
298 3175 364 3222 tuus
378 3165 425 3221 hio
438 3167 568 3240 populus,
583 3167 696 3242 sapiens
710 3177 739 3223 et
749 3166 843 3241 justus
857 3167 886 3223 in
901 3186 968 3242 uno,

226 3241 271 3300 Te
286 3245 389 3301 nostris
404 3244 535 3315 ducibus,
549 3255 577 3300 te
590 3245 685 3300 Graiis
698 3245 891 3318 anteferendo,

226 3322 337 3379 Caetera
352 3323 530 3397 nequiquam
545 3323 629 3378 simili
644 3323 752 3380 ratione
767 3326 907 3399 modoque

226 3401 376 3471 AEstimat;
398 3413 436 3472 et,
451 3401 505 3457 nisi
520 3419 581 3476 quae
596 3402 677 3457 terris
692 3413 800 3459 semota
813 3404 927 3478 suisque

226 3479 417 3555 Temporibus
432 3481 568 3537 defuncta
581 3480 666 3552 videt,
683 3479 788 3538 fastidit
802 3494 830 3539 et
844 3483 920 3540 odit:

227 3558 276 3614 Sic
290 3559 381 3616 fautor
395 3571 531 3632 veterum,
545 3570 577 3616 ut
591 3559 701 3616 tabulas
715 3579 835 3636 peccare
849 3573 985 3633 vetantes,

225 3635 309 3694 Quas
323 3637 367 3692 bis
381 3638 505 3713 quinque
519 3639 570 3695 viri
586 3652 749 3711 sanxerunt,
766 3640 872 3695 soedera
885 3659 984 3716 regum

227 3711 281 3767 Vel
295 3713 394 3769 Gabiis
408 3716 451 3771 vel
466 3736 531 3773 cum
546 3719 645 3793 rigidis
660 3730 768 3793 aequata
783 3718 906 3791 Sabinis,
1137 3718 1180 3776 25

227 3788 396 3844 Pontificum
412 3791 506 3864 libros,
522 3815 630 3852 annosa
643 3799 786 3854 volumina
800 3807 905 3870 vatum,

227 3863 348 3920 Dictitet
362 3865 476 3924 Albano
490 3869 589 3926 Musas
604 3874 633 3928 in
648 3885 744 3932 monte
759 3874 874 3933 locutas.
