2706 4362
167 273 224 334 rot
492 267 829 328 cnonarrrrmoor

204 414 304 478 Quem
316 411 489 492 paupertatis
501 414 592 490 pudor
602 425 632 472 et
645 413 722 491 suga,
735 413 815 472 dives
827 410 948 486 amicus,

206 491 290 570 Saepd
305 493 405 551 decem
419 492 494 550 vitiis
504 492 677 565 instructior,
690 493 751 551 odit
764 502 794 550 et
806 492 918 550 horret:

206 573 277 644 Aut,
292 572 384 630 sinon
397 572 467 644 odit,
481 572 569 649 regit;
591 591 635 644 ac,
651 571 737 629 veluti
750 571 798 647 pia
810 582 911 643 mater,

207 650 274 708 Plus
284 649 369 727 quim
384 671 415 709 se
428 671 526 728 sapere
539 662 569 709 et
581 651 732 709 virtutibus
745 669 808 708 esse
821 647 943 726 priorem

206 729 284 801 Vult,
298 742 328 789 et
341 730 381 788 ait
392 727 480 806 prope
495 749 576 788 vera:
598 735 616 760 ‘⁶
632 728 707 788 Mea
723 727 911 807 (contendere
924 727 998 808 noli)

207 807 300 866 Stulti
308 810 362 866 'arn
376 809 618 886 patiunturopas;
640 807 691 867 tibi
705 807 821 885 parvula
834 818 956 866 rescat:
1035 813 1038 817 ’
1092 813 1097 821 “

207 888 297 945 Arcta
310 888 394 946 decet
406 906 508 946 sanum
522 887 657 946 comitem
670 898 755 964 toga3
777 887 877 944 desine
891 904 1006 943 mecum

207 966 356 1024 Cartare.”.
394 966 566 1043 Eutrapelus
580 967 742 1040 cuicunque
755 983 861 1022 nocere
875 964 985 1024 volebat

208 1043 386 1103 Vestimenta
400 1045 485 1102 dabat
498 1045 630 1120 pretiosa.
671 1043 777 1100 Beatus
790 1041 868 1100 enim
878 1041 938 1118 jam

207 1122 283 1181 Cum
293 1121 421 1198 pulchris
433 1121 540 1180 tunicis
553 1132 647 1180 sumet
657 1141 730 1178 nova
743 1120 863 1179 consilia
876 1132 906 1178 et
918 1141 1001 1198 spes,

207 1199 338 1260 Dormict
351 1201 381 1258 in
395 1200 503 1271 lucem;
525 1210 618 1258 scorto
631 1210 781 1276 postponet
793 1200 946 1266 honestum

207 1277 360 1350 Officium;
381 1299 513 1338 nummos
524 1279 632 1338 alienos
644 1289 757 1354 pascet;
780 1279 816 1336 ad
830 1279 918 1338 imum

210 1359 310 1416 Thrax
323 1359 386 1430 erit,
400 1369 450 1415 aut
463 1358 570 1416 olitoris
584 1367 650 1433 aget
660 1358 793 1416 mercede
806 1358 957 1416 caballum.

248 1439 396 1496 Arcanum
410 1455 502 1512 neque
515 1448 548 1494 tu
560 1435 732 1494 scrutaberis
745 1436 831 1494 ullius
844 1455 969 1512 unquam
976 1458 985 1508 ;

208 1516 455 1591 commissumque
468 1527 558 1592 teges,
572 1526 601 1574 et
614 1515 680 1573 vino
693 1525 782 1573 tortus
795 1517 824 1574 ‘et
836 1516 887 1574 irt.

207 1592 275 1653 Neo
287 1606 337 1653 tua
349 1595 478 1653 laudabis
491 1594 594 1667 studia,
609 1606 658 1651 aut
671 1595 765 1653 aliena
777 1593 932 1672 reprendes
939 1616 947 1666 ;

208 1673 284 1747 Nec,
298 1693 385 1750 quum
399 1674 495 1732 venari
509 1673 582 1732 volet
596 1673 653 1746 ille,
668 1677 801 1750 poemata
814 1693 930 1750 pangas.

181 1761 187 1778 ⁸
208 1753 308 1811 Gratia
320 1753 363 1810 sic
378 1753 493 1811 fratrum
507 1753 695 1830 geminorum,
710 1751 882 1829 Amphionis
895 1763 978 1830 atque

210 1831 308 1904 Zethi,
322 1831 455 1906 dissiluit,
469 1833 562 1890 donec
576 1842 707 1908 suspecta
720 1850 819 1890 severo

209 1910 356 1969 Conticuit
369 1911 436 1986 lyra.
478 1911 623 1969 Fratemis
646 1909 767 1968 cessisse
779 1921 893 1987 putatur

209 1987 339 2048 Moribus
352 1989 515 2065 Amphion:
536 2001 567 2048 tu
578 1990 649 2047 cede
660 1989 783 2066 potentis
796 1988 881 2046 arnici

209 2065 336 2125 Lenibus
350 2068 475 2143 imperiis
483 2088 491 2137 3
511 2068 676 2143 quotiesque
689 2069 794 2126 educet
807 2068 837 2125 in
852 2086 934 2144 agros

210 2143 313 2202 AEtolis
326 2157 443 2202 onerata
455 2145 546 2220 plagis
555 2146 686 2222 jumenta
699 2165 851 2221 canesque,

210 2223 313 2299 Surge,
327 2233 356 2280 et
370 2222 533 2280 inhumana
548 2223 658 2279 senium
673 2224 784 2299 depone
796 2224 953 2299 Camoenre,

209 2299 314 2358 Omnes
328 2312 360 2358 ut
372 2299 475 2377 pariter
488 2300 635 2377 pulmenta
648 2301 791 2358 laboribus
804 2314 907 2380 empta.

169 2405 173 2412 ·
209 2379 350 2438 Romanis
363 2380 490 2438 solemne
500 2379 567 2438 ,viris
580 2399 662 2456 opus,
676 2379 746 2437 utile
761 2380 853 2454 lamae,

209 2459 376 2534 Vitrequeet
390 2458 523 2517 membris
531 2479 539 2529 ;
559 2459 715 2535 presertim
724 2459 925 2534 quum'valeas,
936 2471 966 2518 et

209 2537 264 2594 Vel
279 2557 364 2594 cursu
379 2557 511 2614 superare
526 2557 637 2610 canem,
652 2538 696 2595 vel
709 2538 814 2596 viribus
827 2558 937 2615 aprum,

210 2615 323 2675 Possis:
345 2616 428 2688 adde,
443 2615 533 2674 virilia
545 2614 622 2692 qudd
636 2614 792 2692 speciosius
806 2635 883 2674 arma

210 2694 278 2752 Non
293 2694 397 2770 estqui
411 2705 531 2752 tractet:
552 2694 609 2752 scis
622 2715 679 2772 quo
692 2697 817 2755 clamore
829 2714 942 2754 coron·

210 2773 315 2832 Proelia
328 2774 468 2832 sustineas
481 2776 666 2850 campestria:
687 2774 810 2850 denique
824 2792 928 2833 seram

211 2851 345 2909 Militiam
359 2871 430 2929 puer
442 2864 471 2910 et
480 2852 652 2910 Cantabrica
667 2854 741 2911 bella
754 2853 843 2911 tulisti

210 2932 272 2989 Sub
285 2932 359 2989 duce
372 2931 421 3007 qui
434 2932 547 3006 templis
560 2931 728 2990 Parthorum
742 2931 825 3008 signa
837 2931 930 3008 religit

210 3009 308 3082 Nunc,
323 3022 352 3068 et
365 3010 389 3066 si
402 3010 471 3086 quid
485 3010 574 3082 abest,
589 3010 670 3069 Italis
683 3011 828 3086 adjudicat
842 3011 934 3070 armis.

210 3090 266 3162 Ac,
281 3107 318 3146 ne
331 3100 360 3147 te
373 3090 509 3162 retrahas,
524 3101 552 3148 et
565 3089 766 3148 inexcusabilis
780 3089 884 3162 abates,

209 3168 350 3230 Quamvis
364 3168 403 3225 nil
418 3183 497 3226 extra
510 3188 659 3227 numerum
675 3169 776 3227 iecisse
790 3171 962 3246 modumque

210 3246 312 3318 Curae,
326 3247 468 3304 interdurn
482 3248 598 3323 nugaris
611 3267 676 3304 rure
690 3259 824 3324 paterno:

211 3323 334 3382 Partitur
347 3324 447 3384 lintres
460 3324 618 3394 exercitum
640 3326 727 3383 Actia
739 3345 837 3402 pugna

211 3401 258 3460 Te
272 3404 345 3460 duce
359 3423 409 3480 per
422 3423 526 3480 pueros
540 3403 636 3461 hostili
649 3422 727 3461 more
740 3403 875 3474 refertum

211 3480 399 3540 Adversarius
412 3496 455 3541 est
469 3483 570 3552 fratem
590 3483 680 3553 lacus,
692 3481 803 3540 Hadria
811 3502 818 3551 ;
840 3483 933 3542 donec

212 3557 389 3618 Alterutrum
404 3562 484 3620 velox
498 3562 614 3621 victoria
628 3561 727 3619 fronde
738 3573 863 3620 coronet.
926 3599 928 3604 ·

212 3633 382 3698 Consentire
396 3641 457 3700 suis
470 3642 572 3700 studiis
584 3640 633 3716 qui
647 3639 801 3699 crediderit
813 3650 852 3713 te,

211 3711 317 3770 Fautor
331 3727 450 3793 utroque
463 3730 545 3776 tuum
558 3720 686 3777 laudabit
698 3719 800 3797 pollice
814 3720 922 3780 ludum.

250 3789 384 3850 Protinus
394 3806 427 3852 ut
440 3816 581 3870 moneam,
595 3798 703 3873 siquid
716 3797 863 3858 monitoris
876 3809 1000 3878 egestu,
