2756 4366
507 325 539 382 Q.
556 325 704 375 flauam
716 323 845 375 *meur

344 469 507 540 Immunem
514 467 642 529 meditor
650 465 767 546 tingere
780 469 900 545 poeuis

499 547 593 608 Plena
606 550 685 606 dives
696 560 728 606 ut
741 550 771 606 in
785 549 879 611 domo.

344 625 455 687 Verum
471 645 546 703 pone
557 642 663 700 moras,
677 639 707 685 et
720 627 846 685 studium
857 627 949 699 tuom

342 705 372 763 N
375 708 554 784 igrorumque
565 725 686 779 memor,
701 707 769 764 dum
781 707 858 778 lieet,
873 707 993 784 ignium,

343 783 436 844 Misce
450 785 596 854 stultitiam
612 786 740 844 consiliis
754 787 885 843 brevem:

499 864 593 924 Duae
607 876 651 930 est
663 865 792 941 desipere
805 864 835 930 in
848 865 921 924 loeo.

586 1177 677 1235 ''ODE
691 1176 768 1246 XII.

597 1314 639 1354 an
652 1313 759 1355 arcas.

344 1402 516 1487 Aunrvias,
527 1412 618 1488 Lyce,
631 1411 663 1469 dt
676 1431 741 1470 mea
754 1423 827 1487 vota,
842 1412 872 1472 dI

276 1511 279 1522 ·
343 1492 500 1566 Audivere,
508 1492 608 1568 'Lyee:
628 1491 664 1548 fis
677 1509 759 1564 anus,
773 1503 803 1550 et
816 1505 912 1554 tamen

500 1571 553 1629 Vis
562 1571 690 1629 formosa
703 1571 806 1641 videri;

460 1648 606 1726 Ludisque
620 1662 649 1707 et
663 1650 736 1707 bibis
750 1651 911 1727 impudens.

343 1729 525 1807 Importunas
539 1731 628 1787 Amor
641 1729 794 1787 transvolat
807 1730 900 1788 aridas

344 1808 488 1881 Quercus,
502 1817 532 1865 et
544 1809 648 1882 refugit
661 1818 700 1878 te,
714 1809 780 1881 quia
793 1808 878 1865 luridi

501 1885 663 1957 Denteste,
677 1886 743 1960 quia
757 1905 834 1962 rugae

462 1965 605 2042 Turpant,
619 1975 649 2022 et
662 1964 763 2040 capitis
777 1965 865 2023 nives.

345 2044 410 2103 Nae
424 2044 492 2102 Coae
507 2044 633 2107 referunt
642 2043 703 2119 jam
716 2043 768 2100 tibi
781 2062 923 2120 purpura,

345 2122 412 2181 Nee
426 2124 494 2181 olari
508 2122 626 2199 lapides,
641 2134 767 2198 tempora
780 2142 844 2198 quae
857 2122 945 2181 semel

502 2200 588 2258 Notis
601 2201 717 2259 condus
725 2200 808 2259 ¹fastis

461 2278 583 2338 Inclusit
596 2280 718 2338 volueris
730 2281 799 2337 dies.

342 2355 632 2435 Qubtfirgit'venust
652 2361 724 2418 teu!
739 2355 830 2434 queve
844 2358 921 2418 color
935 2360 1066 2419 deoensI

343 2435 413 2499 Qua
427 2439 538 2498 motusu
558 2439 626 2515 quid
640 2440 728 2497 habes
742 2439 826 2511 illius,
841 2440 926 2513 illius,

488 2517 576 2579 ‘Quae
590 2519 713 2593 spirabat
727 2536 847 2590 amores,

460 2596 537 2657 Quae
551 2615 596 2652 me
611 2606 760 2669 surpuerat
774 2595 854 2666 mihi,

337 2673 425 2733 uuir
436 2675 665 2752 post-Cyneum,
680 2685 802 2746 notaque
816 2686 845 2730 et
859 2673 962 2731 artium

343 2754 494 2815 Gruterum
509 2753 615 2810 faciest
650 2753 708 2808 Sed
722 2751 843 2826 Cynarae
858 2752 957 2810 breves

500 2834 602 2890 Annas
616 2831 673 2888 sats
687 2831 836 2904 dederunt,

462 2913 613 2969 servatura
626 2911 676 2968 diu
689 2929 786 2985 parem

344 2988 475 3048 Corniais
490 2991 590 3048 vetule
604 2989 777 3064 temporibus
790 2988 906 3064 Lyeen3

343 3068 464 3128 Possent
476 3079 507 3127 ut
518 3068 638 3144 juvenes
651 3068 742 3125 visere
756 3068 866 3142 fervidi,

498 3145 593 3207 Multo
606 3167 663 3206 non
678 3147 740 3204 sine
755 3147 823 3220 risu,

461 3226 609 3304 Dilapsam
623 3229 653 3285 in
667 3227 779 3284 eineres
793 3227 893 3285 facem.

586 3541 669 3600 ODE
683 3541 772 3600 XIII.

567 3682 608 3720 AD
621 3679 792 3722 saeuam.

343 3775 426 3839 Quae·
436 3795 506 3834 curs
519 3779 646 3853 Petrum,
659 3797 756 3854 quaeve
768 3775 938 3851 Quiritium,

343 3855 441 3914 Plenis
452 3857 591 3914 honorum
606 3859 771 3916 muneribus
783 3867 857 3929 tuas,

1138 2518 1175 2577 15
