2706 4362
171 311 227 376 124
496 309 526 373 Q.
545 309 692 364 HORATII
708 307 834 363 nanct

208 459 258 516 An
272 467 304 516 tu
317 456 387 516 reris
401 475 467 516 eum
481 456 577 516 occisi
591 455 731 515 insanisse
745 455 884 532 parentet

208 538 326 595 Aenon
341 535 407 595 antri
423 537 505 594 malis
518 538 679 594 dementem
693 545 789 592 actum
804 529 909 605 Furiis,
922 530 1009 609 qutm
1102 536 1160 594 135

208 613 244 673 In
258 617 356 673 matris
365 615 465 692 jugulo
479 614 582 671 ferrum
597 612 732 688 tepefecit
745 612 882 670 acutum?

207 695 299 766 Quin,
313 715 348 752 ex
362 713 418 769 quo
431 703 473 750 est
487 691 601 749 habitus
615 688 688 748 male
703 701 771 749 tutae
786 690 889 748 mentis
902 687 1030 763 Orestes,

207 771 257 830 Nil
272 767 342 830 saud
357 773 425 831 fecit
438 769 513 846 quod
527 782 558 827 tu
572 768 744 846 reprdndere
757 767 865 844 possis:

207 850 275 909 Non
289 850 503 926 Pyladeuferro
517 849 620 905 violare
634 866 753 904 aususve
768 864 891 904 sororem

208 927 366 988 Electram:
387 925 499 986 tantinn
513 927 656 984 maledicit
670 927 791 1001 utrique,
805 926 933 985 vocando
1101 928 1159 987 140

208 1009 294 1066 Hanc
308 1008 433 1079 Furiam,
448 1008 525 1064 hunc
539 1007 628 1078 aliud,
637 1005 721 1081 jussit
734 1006 809 1080 quod
823 1005 972 1081 splendida
985 1004 1057 1064 bilis.

208 1085 318 1161 Pauper
331 1085 464 1162 Opimius
478 1085 587 1162 argenti
601 1085 684 1160 positi
699 1085 775 1141 intus
788 1094 817 1142 et
830 1084 901 1157 auri,

206 1164 268 1226 Qui
282 1165 475 1222 Veientanum
489 1165 568 1221 festis
581 1174 677 1238 potare
691 1163 792 1219 diebus

208 1243 357 1318 Campania
372 1244 469 1301 solitus
483 1242 576 1313 trullti,
591 1259 765 1317 vappamque
778 1240 918 1316 profestis,

207 1321 364 1382 Quondam
378 1322 506 1396 lethargo
518 1321 620 1396 grandi
634 1331 677 1376 est
690 1337 849 1396 oppressus,
864 1332 895 1378 ut
908 1319 999 1378 haeres
1100 1322 1157 1380 145

209 1400 274 1457 Jam
289 1401 398 1457 circum
411 1399 519 1457 loculos
533 1409 562 1456 et
576 1399 668 1456 claves
681 1397 764 1456 laetus
776 1414 919 1473 ovansque

138 1486 141 1496 '
207 1478 357 1536 Curreret:
380 1479 456 1536 buno
471 1477 599 1534 medicus
613 1475 732 1534 multum
747 1478 823 1534 celer
837 1487 920 1551 atque
934 1476 1025 1535 fidelis

208 1554 324 1613 Excitat
338 1558 392 1613 boc
406 1568 505 1633 paeto:
527 1574 654 1614 mensam
668 1555 735 1631 poni
748 1556 838 1630 jubet,
854 1565 937 1630 atque

207 1633 323 1692 Effundi
338 1654 436 1692 saccos
452 1647 651 1702 nummorum3
672 1634 810 1691 accedere
824 1633 920 1710 plures

207 1713 255 1769 Ad
269 1715 495 1771 numerandum:
517 1711 661 1770 hominem
675 1713 717 1770 sic
731 1712 821 1788 erigit.
856 1712 947 1770 Addit
960 1724 990 1771 et
1002 1713 1072 1772 illud
1082 1715 1157 1772 :150

208 1790 267 1848 ‘Ni
280 1803 330 1848 tua
344 1793 478 1863 custodis,
493 1792 592 1849 avidus
603 1791 662 1867 jam
677 1792 739 1848 haic
753 1791 862 1848 auferet
875 1792 985 1850 baares!

207 1868 308 1927 ‘Men’
325 1871 414 1930 rivol'
438 1872 493 1930 ‘Ut
507 1871 583 1928 vivas
597 1871 692 1946 igitur,
706 1871 806 1947 vigila:
828 1871 883 1927 hoc
896 1889 956 1946 age.

287 1948 384 2010 ‘Quid
399 1950 468 2006 visl'

208 2025 371 2083 ‘Deficient
385 2028 499 2104 inopem
513 2045 592 2086 venre
606 2039 645 2100 te,
659 2028 688 2085 ni
703 2028 785 2084 cibus
797 2037 882 2102 atque

207 2103 315 2178 Ingens
329 2104 448 2163 accedat
461 2107 606 2164 'stomacho
621 2105 726 2164 fultura
739 2107 841 2164 ruenti.

207 2181 256 2237 Tu
267 2185 381 2239 cessas?
402 2186 533 2259 agedum,
549 2204 629 2242 sume
641 2187 695 2243 hoc
708 2185 893 2261 prisonarium
903 2187 1016 2259 oryzae!
1098 2187 1157 2244 155

208 2259 337 2395 ‘QuanEpi
351 2263 479 2338 emptael'
501 2263 626 2320 ‘Parvo’
649 2263 778 2325 ‘Quanti
789 2282 858 2340 ergo
865 2264 886 2320 f’
908 2263 1112 2322 ‘Octussibus’

286 2340 294 2368 ‘
332 2340 405 2397 heu!

206 2416 287 2477 Quid
301 2419 386 2476 refert
399 2419 498 2478 morbo
511 2438 548 2476 an
562 2420 643 2477 furtis
655 2421 804 2496 pere'amve
818 2418 925 2496 rapinis
932 2421 953 2477 'l'
966 2421 983 2447 '’

208 2499 226 2525 “
237 2495 380 2557 Quisnam
394 2498 490 2619 φίξίῑυι
514 2517 600 2555 sanus
610 2499 640 2554 ‘l”
682 2498 773 2560 “Qui
792 2517 850 2556 non
870 2499 998 2556 stultua.’'
1040 2499 1154 2562 “Quid
1258 2551 1260 2560 ,

286 2578 414 2632 avarus!

208 2656 226 2682 ⁸⁶
241 2652 349 2709 Stultus
363 2665 392 2710 et
405 2653 550 2711 insanus.''
592 2657 610 2684 “
621 2654 724 2715 Quint
744 2656 768 2712 si
781 2656 844 2730 quis
857 2675 915 2713 non
929 2655 965 2713 sit
979 2675 1087 2716 avarus.

102 2739 109 2754 ⁶
207 2729 353 2789 Continuo
377 2734 499 2790 sanusf'
542 2730 721 2789 “Minime'’
771 2734 871 2806 “Cur,
895 2735 1032 2792 Stoice'f’'
1074 2737 1154 2793 “Di-

285 2827 357 2867 cam.
446 2807 451 2820 ¹
1097 2816 1154 2872 160

207 2885 292 2944 ‘Non
306 2899 348 2945 est
362 2889 529 2960 cardiacus‚'
546 2890 696 2948 Craterum
710 2892 813 2948 dixisse
828 2901 935 2968 putato,
1097 2899 1100 2905 '

207 2966 283 3022 ‘Hic
298 2970 390 3042 auger.¹
426 2967 539 3026 ‘Recte
554 2980 597 3028 est
611 2970 706 3045 igitur,
721 2982 871 3047 surgatque
880 2972 900 3028 l’
943 2970 973 3028 N
975 2972 1081 3050 egabit,

205 3042 296 3106 Quod
310 3046 383 3104 latus
394 3058 443 3105 aut
456 3067 539 3104 renes
553 3049 651 3106 morbo
664 3059 808 3106 tententur
823 3061 915 3107 acuto.

205 3122 273 3181 Non
288 3135 330 3182 est
344 3126 483 3201 perjurus
498 3146 589 3201 neque
603 3129 748 3197 sordidus3
770 3129 897 3187 immolet
911 3130 997 3206 arquis

205 3201 264 3258 Hic
278 3222 395 3278 porcum
409 3205 546 3263 Laribus:
568 3205 665 3265 veriam
680 3208 846 3265 ambitiosus
859 3219 888 3266 et
901 3210 1011 3276 audax;
1094 3209 1153 3265 165

204 3279 330 3357 Naviget
343 3283 527 3360 Anticyram:
548 3285 616 3359 quid
630 3287 707 3342 enim
722 3286 826 3359 differt,
841 3287 1010 3345 barathrone

205 3358 303 3416 Dones
316 3363 452 3438 quidquid
467 3363 564 3435 habes,
579 3383 615 3421 an
630 3383 775 3440 nunquam
790 3378 868 3424 utare
882 3365 1006 3442 paratis?

125 3442 132 3452 '
205 3437 321 3495 Servius
334 3439 476 3516 Oppidius
490 3441 599 3498 Canusi
613 3443 670 3499 duo
684 3445 800 3520 praedia,
815 3446 894 3502 dives

204 3514 332 3594 Antiquo
346 3537 444 3592 censu,
459 3522 552 3597 gnatis
566 3519 671 3578 divisse
685 3523 796 3581 duobus

205 3591 317 3666 Fertur,
332 3606 361 3651 et
375 3598 437 3653 baec
451 3599 574 3656 moriens
588 3601 684 3676 pueris
698 3603 802 3659 dixisse
816 3603 922 3659 vocatis
1095 3602 1152 3659 170

204 3671 253 3727 Ad
267 3671 389 3732 lectum:
411 3675 583 3752 ‘Postquam
598 3691 626 3737 te
640 3680 720 3751 talos,
735 3681 820 3752 Aule,
835 3699 981 3756 nucesque
1081 3747 1083 3752 ,

203 3747 291 3805 Ferre
306 3751 369 3806 sinu
384 3753 456 3823 laxo,
471 3755 577 3813 donare
591 3770 620 3815 et
633 3758 730 3816 ludere
744 3758 801 3815 vidi
813 3779 820 3828 ;

203 3825 259 3901 Te,
274 3825 384 3900 Tiberi,
399 3849 560 3906 numerare,
571 3837 647 3894 cavis
661 3837 836 3895 abscondere
850 3838 957 3896 tristem
965 3856 975 3906 ;
