2756 4366
531 314 731 368 CARMINUM
747 315 813 368 ΜΒ.
830 317 881 367 111.

371 455 469 531 Impioe
483 474 601 532 sponsos
613 455 733 534 potuere
748 459 819 514 duro

566 535 690 592 Perdere
704 535 795 594 serrol

370 612 435 670 Una
448 613 484 670 de
498 614 605 684 multis,
621 614 683 669 face
697 613 817 689 nuptiali

370 690 476 766 Digna,
490 691 634 768 perjurum
649 691 702 747 fuit
715 692 744 747 in
757 702 905 766 parentem

372 767 527 844 Splendidd
542 771 676 840 mendax,
691 779 720 826 et
732 770 762 826 in
776 788 861 831 omne
875 770 954 846 virgo

484 869 486 877 ’
569 847 683 906 Nobilis
697 865 804 905 rerum:
852 911 855 916 ³

374 929 392 956 ‘⁴
403 926 522 1006 Surge‚''
537 945 600 1002 quae
614 928 685 984 dixit
695 927 794 1002 juveni
807 929 918 1000 marito.

374 1007 392 1034 “
400 1004 502 1079 Surge,
516 1007 669 1082 nelongus
683 1007 734 1062 tibi
748 1023 873 1079 somnus,
888 1006 966 1063 unde

372 1081 441 1139 Non
455 1083 548 1152 times,
562 1084 661 1140 detur:
682 1103 813 1142 sooerum
826 1095 856 1141 et
869 1085 1004 1142 eoelestis

569 1159 649 1217 Folle
663 1181 790 1230 sorores;

344 1291 349 1300 ,
371 1237 457 1308 Quae,
472 1235 548 1294 velut
561 1250 653 1294 naotae
668 1239 770 1295 vitulos
783 1240 893 1312 leaenae,

373 1316 516 1390 Singulos,
530 1315 620 1372 eheu!
642 1314 776 1374 lacerant.
818 1314 892 1391 Ego,
906 1317 961 1373 illis

372 1391 498 1465 Mollior,
511 1412 566 1450 neo
580 1404 608 1450 te
623 1392 731 1465 seriam,
746 1412 838 1468 neque
852 1393 927 1452 intre

569 1469 701 1528 Claustra
714 1473 826 1531 tenebo.

373 1549 423 1606 Me
435 1561 515 1625 pater
529 1550 610 1606 saevis
619 1547 722 1614 oneret
736 1551 855 1624 eatenis,

371 1625 461 1690 Quen
477 1629 534 1685 viro
548 1628 675 1686 clemens
689 1630 793 1686 misem
806 1629 939 1705 peperei;

373 1704 423 1761 Me
437 1707 481 1762 vel
494 1717 635 1765 extremos
649 1707 841 1766 Numidarum
855 1709 885 1766 in
899 1722 983 1782 egros

571 1784 671 1852 Classe
685 1784 802 1856 releget.

375 1862 390 1917 1
403 1860 491 1937 pedes
505 1854 561 1933 qud
576 1868 603 1917 te
617 1859 732 1933 rapiunt
744 1870 774 1916 et
784 1861 872 1932 ‘aurea

373 1939 452 1996 Dum
467 1937 539 1994 favet
553 1957 609 1994 nox
622 1948 651 1995 et
665 1937 782 1994 Venus:
803 1937 813 1994 i
826 1937 955 1996 seeundo

373 2015 491 2088 Omine,
504 2026 534 2074 et
547 2016 635 2074 nostri
648 2034 804 2072 memorem
817 2015 947 2092 sepulcro

373 2105 375 2110 '
571 2093 674 2170 Scalpe
687 2095 860 2170 querelam.”

627 2404 711 2463 ODE
732 2405 787 2465 lx.

510 2541 551 2580 AD
571 2540 695 2581 Fortunat
715 2540 901 2582 BANDUSIUM.

372 2643 401 2701 Ο
416 2659 490 2700 rous
505 2640 669 2714 Bandusiae,
683 2640 856 2716 splendidior
870 2642 951 2716 vitro,

324 2743 330 2760 ·
371 2720 458 2778 Dulei
471 2720 557 2796 digne
571 2738 649 2776 mero
662 2738 721 2776 non
734 2720 797 2776 sine
811 2719 937 2794 floribus,

568 2798 640 2854 Cras
654 2798 805 2854 donaberis
818 2799 912 2869 hado,

530 2875 587 2929 Cui
601 2874 678 2928 frons
691 2875 804 2949 turgida
819 2875 953 2932 cornibus

373 2951 486 3020 Primis,
500 2960 529 3006 et
542 2950 686 3007 Venerem
699 2961 727 3007 et
740 2952 839 3028 proelia
852 2954 993 3012 destinat:

373 3026 506 3096 Frustrd;
527 3036 594 3084 nam
607 3028 715 3102 gelidos
729 3031 836 3087 inficiet
849 3033 900 3089 tibi

570 3105 671 3160 Rubro
685 3108 824 3178 sanguine
838 3109 911 3163 rivos

531 3181 645 3238 Laseivi
659 3182 769 3238 soboles
782 3181 885 3255 gregis.

362 3262 420 3320 ¹Te
434 3261 579 3338 flagrantis
594 3270 670 3315 atrox
690 3260 758 3315 hora
772 3259 919 3317 Caniculae

372 3341 473 3399 Nescit
486 3352 618 3416 tangere:
640 3348 670 3394 tu
685 3338 772 3414 frigus
787 3339 907 3396 amabile

568 3417 665 3476 Fessis
678 3437 790 3476 vomere
804 3418 893 3474 tauris

528 3498 642 3554 Praebes
655 3509 684 3554 et
697 3498 793 3572 pecori
806 3515 885 3571 vago.

340 3621 341 3626 1
372 3575 439 3633 Fies
453 3576 589 3634 nobilium
603 3586 634 3632 tu
648 3594 758 3650 quoque
773 3575 902 3646 sontium,

336 3655 337 3660 ’
374 3651 425 3712 Me
438 3655 551 3713 dicente
566 3654 642 3710 cavis
657 3653 816 3728 impositam
827 3651 923 3710 ilieem

568 3732 661 3801 Saxis,
676 3731 752 3787 unde
765 3731 898 3805 loquaoes

529 3810 666 3884 Lymphae
680 3809 815 3868 desiliunt
828 3822 892 3869 ture.
