2706 4362
201 361 240 417 00
507 353 537 410 Q.
556 349 701 400 llOllATli
719 347 842 398 ratem

221 499 330 570 Gratia,
344 497 428 569 fama,
443 496 575 554 valetudo
589 495 735 569 contingat
749 490 875 563 abunde,

224 577 261 636 Et
274 577 401 634 mundus
414 574 517 646 victus,
532 593 591 632 uon
605 574 758 631 deficiente
771 569 929 628 crumenis?

262 655 341 712 Inter
355 673 433 730 spem
447 671 613 728 curamque,
626 654 741 710 timores
754 652 827 708 inter
841 659 870 706 et
884 649 951 719 iras,

223 734 348 791 Omnem
364 734 448 790 crede
463 733 538 790 diem
553 731 604 789 tibi
618 731 754 788 diluxisse
769 745 950 803 supremum:
982 785 986 792 ,

222 815 310 870 Grata
323 812 511 887 superveniet,
524 829 587 884 quae
601 829 659 867 non
673 809 840 885 sperabitur,
854 807 930 862 hora.

262 890 312 948 Me
326 892 462 967 pinguem
475 900 505 947 et
517 890 639 946 nitidum
653 890 726 946 bene
741 886 839 944 curate
853 893 919 942 cute
933 886 1015 958 vises,

222 969 324 1030 Quum
338 970 431 1028 ridere
443 969 531 1040 voles,
544 967 662 1044 Epicuri
677 969 713 1024 de
728 985 814 1042 grege
828 981 955 1040 porcum.

456 1283 461 1292 '
546 1276 748 1335 EPISTOLA
770 1278 805 1335 V.

547 1415 586 1454 AD
607 1415 803 1458 TORQUATUM.

226 1520 258 1578 St
272 1530 351 1596 potes
365 1515 515 1576 Archiacis
529 1515 647 1573 convive
660 1516 825 1572 recumbere
839 1513 931 1586 lectis,

153 1623 160 1632 ·
225 1597 289 1656 Nec
303 1597 416 1656 modicd
430 1613 543 1653 coenare
558 1595 641 1652 times
654 1594 715 1650 olus
729 1613 815 1650 omne
827 1595 942 1670 patellis,

226 1680 365 1754 Supremo
378 1688 406 1734 te
420 1675 478 1732 sole
493 1674 578 1745 domi,
593 1673 749 1746 Torquate,
763 1674 893 1730 manebo.

223 1757 301 1814 Vina
314 1757 393 1813 bibes
407 1755 509 1812 iterum
523 1751 622 1810 Tauro
635 1750 747 1824 diffusa,
760 1752 899 1827 palustres

224 1835 304 1893 Inter
318 1834 480 1892 Minturnas
496 1832 757 1906 Sinuessanumque
772 1830 927 1888 Petrinum.

225 1915 277 1970 Sin
292 1913 392 1970 melius
405 1913 473 1988 quid
488 1912 586 1982 hebes,
600 1931 722 1982 arcesse,
737 1910 779 1966 vel
794 1909 944 1985 imperium
958 1910 1006 1967 ser.

224 1992 241 2048 J
244 1993 398 2050 amdudum
413 1992 543 2067 splendet
556 1989 646 2062 focus,
660 2001 688 2047 et
701 1989 752 2046 tibi
766 1989 873 2045 munda
887 1989 1020 2064 supellex.

224 2070 308 2128 Mitte
322 2071 397 2128 leves
411 2091 484 2146 spes,
498 2080 527 2126 et
541 2070 696 2126 certamina
710 2067 881 2140 ffivitiarum,

222 2148 261 2206 Et
275 2149 387 2206 Moschi
401 2167 534 2204 causam:
555 2167 618 2204 cres
631 2159 698 2205 nato
708 2147 822 2204 Caesare
838 2148 925 2204 festus

223 2226 281 2283 Dat
295 2228 406 2283 veniam
421 2244 607 2300 somnumque
622 2227 699 2295 dies;
721 2222 837 2300 impune
852 2225 949 2283 licebit

224 2305 362 2362 AEstivam
377 2323 506 2361 sermone
521 2303 646 2380 benigno
659 2305 777 2362 tendere
792 2314 915 2362 noctem.

221 2382 291 2444 Quo
306 2383 385 2454 mihi,
400 2382 512 2442 fortuni
526 2382 550 2438 si
564 2402 621 2440 non
636 2384 802 2441 conceditur
816 2385 878 2440 uti?

223 2461 329 2517 Parcus
342 2462 379 2518 ob
393 2462 514 2519 haeredis
527 2481 624 2518 curam
635 2463 812 2537 nimiquue
827 2481 941 2519 severus

223 2539 340 2596 Assidet
354 2540 462 2596 insano.
504 2541 605 2597 Potare
618 2553 647 2598 et
660 2561 792 2615 spargere
807 2541 890 2596 flores

224 2617 374 2692 Incipiam,
387 2617 532 2692 patiarque
547 2617 590 2673 vel
604 2619 782 2674 inconsultus
795 2617 902 2674 baberi.

223 2697 304 2757 Quid
319 2716 377 2754 non
390 2695 512 2754 ebrietas
526 2695 677 2770 designet?
697 2705 795 2770 operta
808 2695 945 2764 recludit,

225 2777 300 2850 Spes·
307 2775 388 2852 jubet
401 2793 463 2832 esse
477 2785 565 2844 ratas;
587 2775 616 2830 in
630 2774 727 2850 proelia
740 2774 829 2831 trudit
843 2774 960 2832 inertem
972 2796 978 2844 ;

225 2854 359 2911 Sollicitis
375 2855 476 2911 animis
489 2873 561 2911 onus
575 2853 690 2924 eximit3
712 2854 832 2910 addocet
847 2864 928 2910 artes.

225 2931 366 2988 Foecundi
380 2933 484 2989 calices
498 2953 581 3008 quem
595 2953 653 2991 non
668 2932 763 2991 secdre
777 2933 935 2990 disertum?

225 3010 380 3068 Contractei
393 3028 476 3086 quem
491 3031 549 3070 nen
565 3012 595 3068 in
605 3023 771 3088 paupertate
785 3012 926 3068 solutuml

263 3089 335 3147 Haec
349 3110 402 3166 ego
415 3109 564 3166 procurare
578 3103 607 3149 et
620 3093 740 3150 idoneus
755 3091 884 3165 imperor,
899 3101 927 3146 et
941 3109 997 3147 non

224 3167 348 3238 Invitus3
371 3190 407 3226 ne
421 3182 502 3245 turpe
516 3171 595 3242 toral,
610 3191 646 3227 ne
661 3171 774 3228 sordida
788 3189 889 3246 mappa

224 3247 363 3322 Corruget
377 3267 476 3317 nares;
498 3268 535 3305 ne
549 3268 606 3306 non
621 3259 649 3306 et
663 3251 817 3306 cantharus
830 3261 859 3305 et
873 3249 939 3305 lanx

223 3323 363 3383 Ostendat
379 3326 429 3383 tibi
443 3338 488 3394 te;
509 3347 546 3384 ne
560 3327 631 3383 fidos
645 3329 718 3384 inter
733 3329 840 3384 amicos

225 3402 269 3457 Sit
281 3403 330 3476 qui
343 3404 419 3460 dicta
434 3405 505 3462 loros
519 3405 660 3473 eliminet;
682 3418 714 3462 ut
728 3409 812 3462 cobet
825 3425 875 3480 par

225 3478 421 3555 iungaturque
435 3484 502 3557 pari.
544 3483 660 3540 Butram
675 3484 727 3540 tibi
743 3483 966 3558 Septiciumque,

225 3554 263 3613 Et
276 3560 331 3616 nisi
344 3579 426 3617 coena
439 3562 524 3636 prior,
538 3562 628 3637 potior
642 3563 769 3633 convive,
785 3562 924 3619 Sabinum

225 3634 352 3708 Detinet,
366 3657 524 3696 assumam:
545 3641 625 3698 locus
638 3652 680 3699 est
694 3657 723 3700 et
735 3641 863 3716 pluribus
878 3641 1001 3711 umbris3

226 3713 285 3768 Sed
298 3714 383 3771 nimis
397 3728 474 3774 arcta
487 3731 619 3794 premunt
631 3721 714 3777 olidae
728 3720 857 3777 convivia
871 3739 972 3797 caprae.

264 3789 324 3878 llo,
338 3804 439 3864 quotus
453 3815 516 3852 esse
529 3798 607 3870 velis,
621 3799 761 3868 rescribe;
782 3810 820 3870 et,
835 3801 919 3857 rebus
933 3800 1053 3871 omissis,
1082 3859 1086 3872 ,
1124 3798 1165 3855 30

225 3868 307 3924 Atria
320 3881 477 3926 servantem
490 3875 599 3946 postico
612 3877 676 3934 falle
691 3879 833 3939 clientem.
