2756 4366
497 306 527 362 Q.
545 303 692 352 HORA'I'II
708 304 833 354 FLACGI

444 513 449 522 ’
558 523 644 618 ΟΒῈΞ
663 523 780 582 XVIII.

460 661 493 700 IN
507 660 627 699 manant
640 661 680 700 ΕΤ
694 660 876 702 aeonum·

331 760 459 819 Drinum
472 771 578 818 tenerae
592 749 678 816 dicite
693 761 832 836 virgines:

287 881 291 892 ,
331 839 491 911 Intonsum,
504 839 595 915 pueri,
610 839 696 896 dicite
711 839 884 919 Qynthium:

488 918 683 1001 Latonamque
698 917 829 994 supremo

449 995 591 1055 Dilectarn
605 990 805 1074 penilri's'lovi.

330 1076 391 1134 Vos
403 1076 498 1133 laetam
513 1076 614 1146 fluviis,
628 1087 657 1132 et
671 1088 819 1133 nemorum
834 1075 927 1149 oomI,
1142 1076 1163 1134 ⁵

328 1154 519 1229 Quacunque
533 1165 582 1212 aut
596 1155 690 1230 gelido
704 1156 845 1229 prominet
858 1155 974 1232 Algido,

489 1231 589 1308 Nigris
603 1243 651 1288 aut
665 1231 835 1305 Erymanthi

449 1311 542 1382 Silvis,
554 1320 602 1366 aut
615 1309 712 1365 viridis
726 1310 830 1386 Gragi:

328 1389 389 1447 Vos
403 1387 515 1464 Tempe
529 1389 646 1446 totidem
661 1387 750 1445 tollite
763 1389 904 1462 laudibus,

329 1466 528 1543 Natalemque‚
543 1486 644 1539 mares,
659 1465 753 1524 Delon
768 1469 920 1545 Apollinis,
1122 1469 1160 1527 10

488 1545 691 1622 Insignemque
705 1547 847 1621 pharetra,

446 1624 641 1702 Fraternrique
656 1626 804 1684 humerum
819 1627 889 1702 lyra.

329 1703 388 1762 Hic
401 1704 506 1762 bellum
520 1705 781 1780 lacrymosum‘hic
795 1706 928 1763 miseram
942 1704 1047 1762 samem

327 1783 506 1859 Pestemque,
520 1803 537 1840 a
550 1784 654 1858 populo
667 1793 696 1839 et
708 1784 836 1859 principe
851 1784 975 1856 Caesare,
989 1783 1019 1840 in

487 1862 587 1918 Persas
601 1873 685 1933 atque
699 1859 851 1920 Britannos
1125 1863 1162 1921 15

447 1940 552 1997 Vestri
565 1951 658 1997 motus
672 1950 737 2014 aget
750 1959 844 2016 prece.

572 2251 656 2309 ODE
671 2253 757 2310 XIX.

486 2389 527 2427 an
547 2388 694 2430 aarsrrmu
715 2390 842 2432 ruscum

327 2477 467 2547 lauriana
480 2485 544 2548 vitae
558 2475 729 2568 scelerisque
742 2491 830 2569 p'urus

328 2567 397 2626 Non
411 2581 476 2645 eget
490 2569 600 2626 Mauris
610 2571 723 2645 jaculis,
737 2589 830 2646 neque
843 2587 922 2643 arcu,

329 2645 394 2704 Neo
408 2649 554 2706 venenatis
567 2649 685 2724 gravida
699 2649 818 2730 sagittis,

524 2726 629 2799 Eusc'e,
643 2728 791 2804 pharetris;

329 2804 395 2862 Sive
408 2825 459 2880 per
474 2806 571 2881 Syrtes
584 2808 636 2863 iter
651 2815 794 2878 aestuosns,

329 2883 396 2941 Sive
411 2884 535 2942 facturus
548 2905 598 2961 per
612 2885 809 2961 inhospitalem
884 2893 886 2900 ⁴

328 2961 501 3035 Caucasum,
516 2965 559 3020 vel
574 2984 636 3039 quae
650 2965 713 3022 loca
727 2964 871 3021 fabulosus

524 3041 638 3100 Lambit
653 3042 811 3119 Hydaspes.

230 3163 237 3172 «
328 3118 461 3195 Namque
474 3139 521 3177 me
534 3120 604 3178 silva
617 3121 702 3197 lupus
717 3122 746 3178 in
761 3120 880 3193 Sabini,

328 3198 406 3256 Dum
420 3219 513 3257 meam
527 3210 611 3257 canto
625 3200 762 3278 Lalagen,
777 3211 805 3258 et
818 3199 893 3258 ultra
1119 3197 1156 3256 10

327 3277 498 3335 Terminum
513 3279 589 3336 curis
603 3299 688 3354 vagor
699 3277 846 3355 expeditis,
1130 3279 1133 3288 “

525 3357 612 3432 Fugit
627 3359 782 3414 inermem:

326 3433 423 3496 Quare
436 3447 597 3511 portentum
608 3455 701 3510 neque
715 3434 842 3491 militaris

328 3512 456 3571 Daunias
468 3516 532 3573 latis
546 3515 595 3572 alit
610 3513 766 3583 aesculetis;

324 3589 356 3646 N
358 3609 393 3647 ec
406 3591 424 3646 J
428 3595 489 3650 ubae
503 3595 586 3652 tellus
600 3602 726 3670 generat,
740 3593 855 3649 leonum

526 3674 616 3730 Arida
630 3672 732 3729 nutrix.

327 3746 405 3804 Pone
419 3767 465 3804 me
478 3750 565 3824 pigris
579 3752 628 3810 nbi
642 3749 843 3826 nulla-campis

327 3826 421 3883 Arbor
436 3828 531 3884 aestivi
545 3841 687 3888 recreatur
701 3829 781 3903 auri,
