2704 4362
579 353 646 420 aas
662 351 816 404 scurror.

243 501 395 578 Postquam
409 498 496 575 coepit
508 517 591 574 agios
602 498 757 556 extendere
770 497 870 570 victor,
884 505 913 555 et
926 496 1026 556 urbem

243 580 339 639 Latior
353 578 484 654 amplecti
497 596 605 660 murus,
619 577 740 651 uinoque
754 576 856 634 dimne

243 659 353 720 Placari
364 657 474 716 Genius
485 656 564 714 ustis
577 655 694 732 impune
706 655 818 727 diebus,
849 674 851 682 ’

243 737 378 796 Accessit
390 736 572 810 numerisque
586 734 734 808 modisque
746 733 864 792 lieentia
876 734 972 810 major.

141 861 144 866 .
243 816 382 890 Indoctus
394 815 463 891 quid
476 815 554 872 enirn
568 823 689 890 saperet,
703 812 829 888 liberque
842 813 982 886 laborum,

243 895 383 952 Rusticus
397 893 507 950 urbano
519 892 665 961 confusus,
674 891 768 967 turpis
781 892 919 950 honestet

244 975 295 1030 Sic
309 974 410 1050 prisce
424 982 589 1046 motumque
602 981 631 1027 et
643 970 784 1046 luxyriam
798 971 908 1030 addidit
916 971 973 1028 arti

244 1052 380 1124 Tibicen,
394 1051 533 1125 traxitque
546 1068 635 1126 vagus
647 1068 698 1124 per
710 1048 821 1125 pulpita
830 1059 946 1107 vestem.

244 1131 296 1187 Sic
309 1131 395 1187 etiam
409 1129 513 1186 fidibus
526 1147 610 1186 voces
624 1125 739 1185 crevere
754 1128 869 1200 severis,

244 1207 282 1266 Et
295 1208 359 1266 tulit
372 1207 514 1283 eloquium
529 1205 673 1265 insolitum
688 1207 824 1264 facundia
836 1225 975 1284 preceps3

243 1287 417 1362 Utiliumque
430 1305 518 1362 sagax
530 1305 635 1358 rerum,
650 1296 679 1343 et
692 1285 790 1343 divine
800 1285 897 1358 futuri,

243 1367 391 1442 Sortilegis
401 1384 459 1424 non
471 1364 626 1441 discrepuit
636 1364 779 1422 sententia
789 1363 917 1441 Delphis.

282 1445 418 1503 Carmine
431 1443 479 1520 qui
491 1444 601 1520 tragico
615 1443 832 1501 vilem‘certarit
844 1445 881 1501 ob
894 1444 1015 1516 hircum,

203 1557 205 1564 ι
243 1523 414 1585 Monetium
428 1534 554 1599 agrestes
565 1523 681 1598 Satyros
695 1523 823 1594 nudavit,
836 1532 866 1579 et
880 1541 962 1598 asper

244 1601 386 1660 incolumi
399 1602 535 1678 gravitas
546 1601 645 1677 jocum
657 1601 785 1672 tentarit,
798 1598 835 1658 ed
848 1597 926 1675 qudd

245 1679 392 1738 llleccbris
405 1690 466 1738 erat
478 1690 508 1736 st
521 1679 602 1754 grati
612 1678 736 1736 novitate
750 1680 905 1736 morandus

209 1817 211 1822 ,
246 1759 404 1834 Spectator,
419 1757 589 1832 iunctusque
602 1756 701 1827 sacris,
711 1767 744 1829 ¹et
756 1766 850 1831 potus,
864 1767 894 1812 et
906 1758 996 1815 exlex.

245 1835 356 1895 Verium
366 1837 405 1894 ita
418 1837 530 1907 risores,
545 1835 584 1892 ita
597 1835 798 1892 commendare
812 1835 928 1892 dicaces

244 1915 407 1974 Conveniet
420 1915 549 1990 Satyros,
559 1913 598 1971 its
612 1923 724 1970 vertere
733 1913 808 1974 seria
820 1913 897 1986 ludo,

244 1993 275 2051 N
277 2014 294 2051 e
308 1994 470 2070 quicunque
484 1993 565 2065 deus,
579 1992 741 2068 quicunque
755 1991 935 2052 adhibebitur
950 1994 1041 2065 beros,

245 2072 351 2148 Regali
365 2082 534 2148 conspectus
547 2072 578 2129 in
592 2089 661 2129 auro
675 2090 767 2147 nuper
779 2085 808 2130 et
822 2082 907 2145 ostro,

243 2149 277 2208 M
279 2153 351 2227 igret
363 2151 393 2209 in
406 2151 542 2209 obscuras
556 2150 660 2208 humili
670 2169 804 2208 semrone
814 2151 962 2222 tabernas3

243 2231 314 2302 Aut,
328 2231 396 2286 dum
410 2229 478 2287 ritet
491 2230 620 2302 burnurn,
634 2229 726 2286 nubes
739 2243 768 2288 et
781 2229 879 2289 inania
892 2241 994 2307 captet.

243 2307 363 2366 Effutire
376 2309 452 2366 leves
466 2308 585 2384 indigna
595 2307 750 2384 Tragoedia
764 2327 868 2378 versus,

243 2387 283 2445 Ut
296 2387 373 2445 sestis
387 2398 515 2445 matrona
524 2388 630 2445 moveri
640 2387 719 2464 jussa
732 2387 842 2460 diebus,

244 2465 377 2524 intererit
389 2466 499 2541 Satyris
511 2463 629 2542 paulum
642 2466 810 2542 pudibunda
822 2468 966 2543 protervis.

244 2543 311 2602 Non
325 2563 379 2621 ego
393 2545 523 2604 inornata
535 2554 564 2602 et
577 2545 752 2604 dominantia
766 2546 881 2604 nomina
895 2544 987 2606 solum

243 2623 403 2699 Verbaque,
420 2623 547 2696 Pisones,
563 2624 726 2700 Satyrorum
740 2625 990 2700 scriptor-amnb03

242 2701 308 2759 Nec
322 2704 363 2760 sic
376 2703 468 2760 enitar
480 2702 589 2777 tragico
602 2703 715 2760 differre
728 2703 826 2776 colori,

242 2781 282 2838 Ut
295 2782 365 2838 nihil
378 2781 489 2838 intersit
502 2779 638 2837 Davusne
650 2781 790 2856 loquatur,
804 2791 833 2839 et
847 2784 940 2840 audax

243 2859 360 2933 Pythias
373 2868 507 2916 emuncto
521 2858 631 2917 lucrata
645 2859 763 2914 Simone
772 2859 924 2932 talentum,¹

244 2937 294 2994 An
308 2945 403 2993 custos
417 2934 593 3009 famulusque
607 2935 654 2992 dei
669 2935 783 2994 Silenus
798 2936 914 2996 alumni.

244 3015 290 3072 Ex
302 3025 369 3073 noto
383 3013 481 3072 fictum
496 3029 610 3070 mimen
624 3031 735 3087 sequar,
744 3023 775 3071 ut
788 3014 841 3072 sibi
855 3015 949 3090 quiris

241 3095 347 3170 Speret
359 3093 453 3161 idern;
474 3089 558 3148 sudet
569 3087 691 3151 mutim
705 3090 862 3167 frustrdque
874 3094 983 3152 laboret

244 3175 342 3231 Ausus
356 3172 448 3230 idem:
470 3166 582 3229 tantum
596 3169 683 3226 series
694 3170 884 3247 iuncturaque
896 3171 992 3248 pollet,

242 3249 372 3310 'l'antdm
386 3252 422 3308 de
437 3249 532 3308 medio
545 3249 664 3325 sumptis
677 3249 790 3308 accedit
799 3249 922 3309 benoris.

241 3331 328 3389 Silvis
340 3329 456 3388 deducti
470 3339 598 3402 careant,
611 3347 658 3388 me
669 3329 777 3406 judice,
788 3327 894 3405 Fauni,

243 3408 301 3483 Ne,
314 3409 390 3467 velut
403 3408 494 3467 innati
505 3409 595 3468 triviis
607 3427 642 3466 ac
654 3405 730 3485 pene
745 3409 881 3483 forenses,

243 3488 306 3546 Aut
318 3486 439 3546 nimium
452 3489 558 3546 teneris
569 3489 740 3564 juvenentur
753 3489 884 3547 versibus
895 3507 1030 3564 nuquam,

244 3566 306 3624 Aut
315 3566 463 3626 immunda
476 3579 595 3644 crepent
608 3567 854 3644 ignominiosaque
866 3568 959 3626 dicta:

242 3644 435 3702 offenduntur
447 3646 534 3719 enim,
547 3646 650 3722 quibus
663 3657 706 3704 est
719 3665 809 3722 eqnns
821 3658 851 3705 et
862 3657 942 3725 pater
954 3661 984 3706 et
996 3665 1056 3718 res3

243 3722 318 3796 Nec,
333 3723 356 3780 si
369 3724 438 3797 quid
452 3725 526 3784 fricti
539 3724 641 3783 cice'ris
653 3725 753 3800 probat
765 3737 795 3784 et
808 3728 891 3785 nucis
904 3738 1022 3804 emptor,

243 3801 345 3877 AEquis
358 3802 503 3877 accipiunt
515 3803 618 3861 animis
632 3803 773 3863 donantve
787 3807 900 3865 comni.

281 3880 396 3958 Syllaba
409 3880 496 3958 longa
505 3881 583 3939 brevi
596 3881 723 3959 subjecta
736 3896 852 3944 vocatur
865 3885 997 3958 larnbus3
