2756 4366
443 264 445 268 ’
540 226 545 246 ⁴
571 271 773 320 cantantum
789 273 855 322 ΜΒ.
873 273 922 322 111.

449 413 515 484 Neo
528 412 615 468 sumit
630 422 679 480 aut
691 412 772 487 ponit
785 430 902 478 secures

416 551 417 554 ,
487 489 614 548 Arbitrio
627 491 769 567 popularis
783 509 868 548 aurae.

409 571 518 641 Virtus,
532 569 683 626 recludens
697 569 845 626 immeritis
856 568 927 626 mori

410 648 534 718 Caelum,
550 648 654 722 negati
667 658 758 704 tentat
771 648 824 704 iter
838 647 903 704 titt:

449 727 605 800 Ooetusque
619 725 748 801 vulgares
762 737 790 784 et
801 727 887 782 udam

488 804 603 880 Spernit
616 805 735 876 humum
750 805 875 880 fugiente
889 805 994 880 penne.

409 881 463 940 Est
475 892 504 941 et
517 882 594 940 fideli
609 893 671 940 tuta
686 883 799 954 silentio

410 960 541 1018 Merces:
562 963 671 1034 vetabo,
685 963 733 1037 qui
747 962 861 1020 Cereris
874 981 989 1022 sacrum

449 1039 583 1114 vulgarit
596 1059 717 1111 aroanae,
732 1042 785 1098 sub
797 1039 891 1098 isdem

489 1119 534 1175 Sit
547 1118 683 1191 trabibus,
698 1118 861 1194 fragilemve
875 1137 990 1176 meeum

409 1197 505 1255 Solvet
519 1197 646 1254 faselum.
681 1194 766 1272 saepe
780 1197 924 1273 Diespiter

410 1274 569 1352 Negleotus
583 1276 693 1334 incesto
703 1277 817 1334 addidit
831 1277 988 1351 integrum:

447 1351 527 1412 Raro
542 1355 759 1412 antecedentem
771 1354 925 1412 scelestum

486 1432 620 1491 Deseruit
632 1436 705 1510 pede
718 1433 809 1494 Poena
822 1434 932 1492 olaudo.

665 1784 749 1841 ODE
769 1783 826 1840 III.

410 1912 531 1973 Jns‘rutr
545 1930 580 1970 ao
592 1923 726 1970 tenacem
745 1910 879 1986 propositi
893 1911 984 1970 virum

409 1992 479 2052 Non
494 1992 599 2050 civium
612 1990 695 2049 ardor
709 2008 794 2065 prava
804 1987 977 2065 jubentium,

448 2070 517 2130 Non
530 2071 630 2135 vultus,
638 2068 769 2128 instantis
783 2070 895 2144 tyranni

487 2147 587 2208 Mente
600 2149 691 2224 quatit
704 2147 804 2218 solida,
819 2166 912 2223 neque
925 2150 1038 2222 Auster,

407 2229 475 2286 Dur
489 2228 608 2303 inquieti
618 2226 748 2284 turbidus
762 2225 890 2300 Hadriae,

405 2306 436 2365 N
437 2325 471 2365 eo
486 2305 662 2364 fidminantis
676 2323 780 2379 magna
793 2305 871 2365 Joris
881 2325 1002 2368 manus:

446 2387 478 2442 si
492 2386 598 2457 fractus
612 2384 742 2442 illabetur
755 2383 841 2454 orbis,

485 2463 665 2538 Impavidum
679 2460 782 2518 ferient
794 2462 892 2520 ruine.

407 2541 474 2600 nto
488 2553 547 2600 arte
561 2540 671 2612 Pollux,
685 2551 715 2597 et
728 2557 815 2614 vagus
829 2539 981 2615 Heroules,

406 2621 522 2697 Enisus,
537 2639 617 2678 aroes
631 2619 724 2694 attigit
737 2618 853 2694 igneus:

445 2699 529 2762 Quos
539 2700 613 2757 inter
626 2699 777 2774 Augustus
790 2700 961 2761 recumbens

484 2778 631 2853 Purpureo
645 2778 716 2834 bibit
729 2795 777 2833 ore
791 2788 898 2834 neotar.

407 2854 474 2913 Hac
487 2865 516 2912 te
529 2865 698 2924 merentem,
712 2853 827 2910 Bacche
841 2865 930 2930 pater,
944 2865 1000 2912 ture
1115 2904 1119 2914 .

407 2930 522 2991 Vexdre
535 2933 632 3007 tigres,
647 2931 763 2990 indoeili
774 2932 876 3008 jugum

446 3010 528 3068 Collo
541 3011 692 3068 trahentes.
727 3011 794 3068 Halo
807 3010 949 3072 Quirinus

486 3087 587 3146 Martis
607 3090 687 3162 equis
701 3089 868 3146 Acheronta
881 3090 971 3164 fugit;

406 3169 527 3226 Gratum
540 3166 675 3240 eloquuttl
688 3165 904 3222 oonsiliantibus

406 3246 523 3305 Junone
537 3245 623 3302 divis:
645 3247 662 3274 ‘¹
672 3242 756 3313 Ilion,
770 3241 844 3300 Ilion

446 3325 563 3397 Fatalis,
577 3324 759 3398 moestusque
770 3321 870 3398 judex,

484 3404 522 3463 Et
536 3403 637 3467 mulier
651 3402 810 3479 peregriua,
824 3401 907 3458 vertit

408 3483 445 3541 In
458 3484 612 3559 pulverem,
626 3501 661 3540 err
675 3501 732 3557 quo
745 3481 873 3539 destituit
886 3480 955 3538 deos

405 3560 544 3620 Mercede
556 3561 640 3637 paotd
654 3561 827 3629 Laomedon,
842 3557 912 3615 mihi
992 3566 994 3570 ’

446 3641 595 3715 Castaeque
610 3641 777 3696 damnatum
790 3637 927 3695 Minervae
987 3655 989 3660 ·

485 3718 561 3775 Cum
574 3719 677 3794 populo
690 3727 719 3774 et
732 3717 806 3774 duee
820 3717 1004 3777 fraudulento.

407 3794 473 3854 Jam
486 3815 541 3854 neo
555 3796 687 3854 Lacenae
701 3795 830 3871 splendet
843 3797 977 3854 adurere
