2706 4362
175 333 231 393 ico
493 328 523 384 Q.
542 325 689 376 Honann
705 323 839 375 inieci.

213 477 260 534 Ac
275 473 344 530 mihi
358 491 408 529 seu
421 472 539 548 longum
552 481 616 547 post
628 481 741 545 tempus
754 478 870 526 venerat
883 469 997 546 hospes,
1070 461 1071 466 '

214 554 280 611 Sive
294 569 410 628 operum
424 570 515 608 vacuo
528 561 625 626 gratus
639 549 758 606 conviva
772 565 822 624 per
835 546 956 604 imbrem

214 633 346 700 Vicinus,
361 631 434 687 bene
448 641 517 702 erat,
532 648 590 687 non
604 628 730 704 piscibus
744 627 814 684 urbe
827 625 933 702 petitis,
1037 623 1039 630 '

215 713 273 768 Sed
287 710 366 786 pullo
377 719 461 784 atque
475 709 576 784 hoedo:
598 717 658 764 tum
673 705 790 782 pensilis
804 724 859 762 uva
872 704 1015 762 secundus
1109 705 1168 765 120

215 791 253 847 Et
266 809 325 846 nux
337 789 456 846 ornabat
469 805 583 845 mensas
596 799 662 842 cum
677 783 790 860 duplice
804 783 877 840 ficu:
913 845 914 850 ἵ

214 869 283 926 Post
296 869 350 926 hoc
364 867 447 924 ludus
461 877 520 923 erat
534 865 627 943 cuppd
640 876 738 940 potare
752 861 887 938 magistri
895 882 903 933 3
955 927 961 932 ,

216 948 262 1004 Ac
277 957 409 1004 venerata
419 946 519 1017 ceree,
534 945 573 1002 ita
586 943 680 1001 culmo
694 952 821 1018 surgeret
835 942 901 1014 altc,

216 1026 361 1102 Explicuit
375 1025 441 1081 vino
454 1029 607 1081 contractae
619 1022 692 1079 s'eria
703 1019 810 1078 frontis.

217 1106 322 1162 Saeviat
336 1114 419 1179 atque
433 1122 520 1160 novos
535 1112 646 1160 moveat
659 1100 786 1158 Fortuna
799 1098 947 1171 tumultus,
1109 1098 1164 1156 125

215 1181 368 1246 Quantum
380 1181 447 1238 hinc
459 1182 628 1238 imminuetl
648 1177 754 1255 quantd
766 1189 816 1236 aut
826 1197 879 1254 ego
890 1173 1015 1253 parcitis,
1026 1187 1077 1234 aut
1085 1195 1143 1249 vos,

217 1263 245 1320 Ο
259 1263 348 1338 pueri,
363 1261 496 1332 nituistis,
509 1271 540 1316 ut
553 1260 607 1316 huc
621 1259 710 1315 novus
724 1258 819 1315 incola
833 1257 929 1314 venitl

217 1340 294 1398 Nam
309 1340 428 1416 propriae
443 1338 550 1399 telluris
566 1338 666 1394 herum
677 1349 779 1395 natura
792 1355 885 1412 neque
899 1335 988 1407 illum,

218 1419 284 1477 Nec
299 1438 354 1489 me,
369 1436 423 1474 nec
438 1435 597 1492 quenquam
611 1416 724 1472 statuit:
745 1434 797 1472 nos
811 1414 918 1490 expulit
932 1415 998 1486 ille3

219 1498 304 1554 Illum
319 1507 367 1553 aut
380 1495 522 1570 nequities
536 1507 585 1552 aut
598 1495 668 1552 vafri
682 1495 795 1552 inscitia
805 1494 888 1570 juris,
1080 1511 1081 1516 ¹
1109 1492 1165 1550 13⁰

219 1573 365 1634 Postremo
380 1574 501 1650 expellet
512 1572 590 1631 certe
605 1575 726 1632 vivacior
740 1575 839 1630 haeres.

218 1654 307 1712 Nunc
322 1673 388 1730 ager
402 1653 540 1711 Umbreni
554 1655 607 1710 sub
620 1654 745 1725 nomine,
759 1671 849 1728 nuper
863 1650 950 1709 Ofelli

218 1735 332 1805 Dictus,
346 1733 399 1790 erit
412 1732 482 1790 nulli
496 1733 641 1810 proprius3
663 1733 713 1790 sed
727 1732 804 1789 cedit
816 1732 846 1788 in
860 1749 952 1787 usum¹

219 1813 249 1871 N
251 1832 308 1871 unc
322 1813 403 1884 mihi,
418 1831 497 1869 nunc
511 1810 576 1872 alii:
597 1813 731 1887 quocirca
744 1811 828 1868 vivite
843 1810 937 1882 fortes,

220 1893 371 1968 Fortiaque
385 1891 510 1949 adversis
523 1892 657 1968 opponite
670 1902 785 1969 pectora
797 1889 910 1948 rebus.”
1112 1887 1169 1946 135

558 2243 716 2302 SATIRA
736 2243 793 2302 III.

586 2392 762 2426 ndunsrrrus.

220 2484 272 2541 Sto
286 2478 351 2540 rard
366 2481 474 2553 scribis,
486 2491 518 2538 ut
530 2491 588 2538 toto
601 2499 658 2538 non
670 2490 767 2555 quater
781 2500 856 2540 anno

221 2563 419 2620 Membranam
433 2579 542 2636 poscas,
553 2559 720 2634 scriptorum
734 2579 852 2635 queque
864 2569 1004 2634 retexens,

221 2641 316 2699 Iratus
329 2639 380 2699 tibi
394 2637 471 2714 qudd
485 2639 544 2696 vini
558 2638 705 2712 somnique
721 2639 860 2714 benignus

221 2719 272 2778 Nil
287 2721 406 2796 dignum
421 2735 550 2774 sermone
565 2735 659 2773 canas.
693 2716 775 2778 Quid
789 2718 857 2776 fiett
878 2718 914 2776 ab
926 2718 997 2794 ipsis

126 2829 129 2836 ·
224 2799 423 2856 Saturnalibus
438 2798 495 2854 huc
508 2796 623 2872 fugisti3
646 2796 756 2854 sobrius
769 2815 838 2874 ergo
1150 2799 1173 2855 5

224 2877 280 2934 Dic
294 2877 329 2935 al.
342 2877 399 2951 quid
413 2877 532 2951 dignum
546 2875 707 2950 promissis:
729 2875 832 2951 incipe.
866 2875 916 2933 Nil
931 2887 982 2946 est.

224 2956 381 3031 Culpantur
396 2954 499 3013 frustrd
513 2955 627 3026 calamij
641 2954 854 3030 immeritusque
868 2955 976 3014 laborat

225 3033 308 3092 Iratis
323 3045 406 3091 natus
420 3033 573 3109 pariendis
587 3047 670 3109 atque
683 3035 784 3109 poetis.

226 3114 314 3188 Atqui
328 3113 420 3170 vultus
431 3124 492 3170 erat
503 3114 591 3170 multa
605 3124 634 3170 et
644 3112 779 3189 praeclara
790 3113 935 3184 minantis,

227 3193 257 3249 Si
273 3211 393 3249 vacuum
407 3193 501 3267 tepido
515 3193 637 3268 cepisset
650 3191 744 3249 villula
758 3202 841 3249 tecto.
1065 3193 1066 3197 ’
1136 3191 1174 3248 10

225 3271 371 3332 Quorsum
385 3271 521 3346 pertinuit
534 3272 637 3346 stipare
651 3270 771 3327 Platona
785 3269 946 3328 Menandro
954 3290 962 3340 ;

226 3349 359 3424 Eupolin,
374 3349 590 3420 Archilochum,
605 3349 723 3406 comites
736 3350 859 3406 educere
873 3351 986 3407 tantosl

226 3427 367 3486 invidiam
381 3429 492 3504 placare
505 3447 587 3503 paras
599 3429 698 3483 virtute
713 3428 832 3486 relictril

227 3506 419 3565 Contemnere
434 3507 534 3564 miser:
556 3506 670 3563 vitanda
684 3518 727 3564 est
740 3508 867 3583 improba
881 3507 965 3565 Siren

228 3581 361 3654 Desidia;
383 3599 439 3656 aut,
455 3585 590 3661 quidquid
605 3586 661 3658 vitri
675 3585 790 3642 meliore
800 3587 916 3661 pardsti,
1137 3583 1175 3642 15

227 3659 396 3720 Ponendum
410 3683 489 3740 aequo
503 3665 606 3722 animo.
738 3665 740 3676 ⁴

607 3790 751 3824 norimus,

657 3874 745 3947 Dite,
760 3875 943 3970 Damasippe,¹
957 3880 1083 3957 deaeque,
