2756 4366
381 729 429 820 Q.
471 729 749 804 HORATll
789 729 1032 820 FLACCI

585 976 828 1042 EXPODON

645 1219 760 1269 LIBER.

643 1670 728 1728 ODE
747 1671 772 1728 Ι.

575 1805 616 1842 ιω
629 1805 837 1844 masalmam.
897 1795 903 1813 ¹

333 1905 396 1964 lara
410 1903 546 1962 Liburnis
559 1903 633 1960 inter
647 1903 704 1970 alta
713 1903 838 1976 papium,

451 1982 565 2054 Amice,
579 1983 800 2059 propugnacula,

331 2063 450 2122 Paratus
460 2080 545 2119 omne
560 2061 682 2118 Caesaris
695 2061 854 2136 perieulum

450 2140 563 2211 Subire,
577 2139 734 2212 Maecenas,
750 2151 806 2198 tuo.

329 2219 483 2290 Quirinos,
497 2219 600 2295 quibus
613 2230 642 2276 te
655 2220 713 2277 vita
726 2221 750 2276 si
764 2221 915 2295 superstite

449 2297 599 2368 Jucunda3
621 2299 645 2356 si
659 2296 768 2371 eontra,
784 2300 878 2375 gravis
888 2303 908 2357 iv

330 2375 472 2440 Utrumne
483 2377 555 2452 jussi
568 2396 770 2452 persequemur
783 2380 883 2451 otium,

449 2454 517 2513 Non
531 2455 626 2528 dulce,
641 2457 672 2513 ni
685 2467 781 2513 tecum
795 2458 897 2514 simul?

330 2538 379 2594 An
394 2537 472 2592 hune
485 2534 611 2592 laborem
625 2546 720 2592 mente
734 2535 827 2608 laturi,
842 2538 925 2595 deaet

447 2613 518 2674 Qut
532 2613 604 2671 ferre
618 2634 676 2674 non
690 2615 788 2674 molles
802 2616 898 2674 virosi

331 2692 485 2763 Feremus3
506 2704 535 2750 et
548 2703 577 2750 te
590 2694 634 2751 ve}
647 2713 698 2770 per
712 2695 830 2771 Alpium
841 2696 919 2773 juga,

447 2771 652 2847 Inhospitalem
667 2783 696 2828 et
709 2773 883 2845 Caucasum,

331 2848 386 2907 vel
401 2849 559 2906 occidentia
573 2869 661 2923 usque
677 2851 713 2906 ad
727 2849 858 2907 ultimum
872 2852 976 2926 sinum,

448 2925 527 2982 Forti
541 2945 690 3000 sequemur
704 2939 826 3002 pectore.

330 3005 430 3081 Rogas
443 3014 525 3060 tuum
538 3004 633 3062 labore
646 3006 713 3080 quid
725 3007 821 3084 juvem
835 3028 899 3068 meo
918 3005 922 3010 ’

448 3081 585 3155 Imbeliis‚
601 3102 634 3140 aa
647 3084 745 3140 firmus
758 3089 878 3159 parum?

330 3163 437 3223 Comes
450 3161 560 3218 minore
575 3179 638 3217 sum
652 3160 763 3218 futurus
776 3163 806 3219 in
817 3174 905 3236 metu,

448 3238 510 3302 Qui
524 3239 612 3316 major
626 3239 758 3298 absentes
772 3242 873 3298 habet:

329 3321 368 3380 Ut
382 3321 511 3380 assidens
524 3320 706 3396 implumibus
719 3321 803 3398 pullis
817 3320 876 3378 avis

450 3400 630 3476 Serpentium
645 3400 767 3476 allapsus
781 3401 862 3459 timet

330 3477 427 3558 Magis
440 3481 562 3549 relictis3
583 3499 651 3552 non,
666 3491 697 3536 ut
711 3481 795 3552 adsit,
808 3477 896 3538 auxili

448 3559 554 3617 Latura
567 3560 630 3635 plus
643 3560 838 3634 praesentibus.

331 3637 469 3696 Libentur
480 3639 534 3696 hoe
548 3649 577 3695 et
589 3657 674 3695 omne
689 3638 854 3695 militabitur

449 3716 560 3774 Bellum
574 3717 605 3774 in
615 3727 671 3772 tuae
685 3735 764 3792 spem
778 3717 895 3794 gratia:

332 3794 401 3854 Non
414 3805 447 3851 ut
456 3794 587 3870 juvencis
600 3795 708 3870 illigata
719 3795 846 3871 pluribus

450 3874 554 3932 Aratra
563 3874 690 3934 nitantur
700 3875 787 3948 meis3
