2706 4362
425 361 673 420 EPISTOLARUM
689 361 754 409 LIB.
772 363 793 409 1.
811 365 834 410 t.

208 503 257 561 Ad
272 522 349 561 mare
363 503 517 560 descendet
530 513 608 562 vates
620 515 697 576 tuus,
711 516 740 561 et
753 505 806 562 sibi
821 516 929 580 parcet,

208 582 432 658 Contractusque
442 582 518 658 leget
528 603 545 652 3.
557 595 595 654 te,
610 583 702 639 dulcis
716 584 817 655 amice,
832 585 935 640 reviset

207 661 281 717 Cum
295 661 446 737 Zephyris,
460 663 484 719 si
498 663 650 732 concedes,
664 673 692 718 et
706 661 859 718 hirundine
873 662 972 737 prima.

245 739 323 812 Non,
337 759 392 814 quo
406 759 483 798 more
497 741 573 815 pyris
582 741 663 797 'vesci
677 740 798 798 Calaber
808 741 890 816 jubet
903 741 1014 815 hospes,

206 817 255 876 Tu
269 837 315 875 me
330 820 421 876 fecisti
434 819 613 895 locupletem.
656 823 673 848 “
688 819 823 892 Veseere,
837 820 983 876 sodes.’¹ss-
1116 819 1154 876 15

206 901 224 926 “
240 896 258 952 J
262 917 307 954 am
321 895 533 954 satiswest.”-“
543 898 584 954 At
597 909 628 953 tu
641 898 819 970 quantumvis
833 897 979 956 tolle.’'-“
994 892 1156 973 benignett

207 978 225 1004 “
243 975 310 1033 Non
325 976 416 1032 invisa
430 976 502 1033 feres
512 976 608 1051 pueris
621 976 790 1033 munuscula
804 976 958 1050 parvis.''-

208 1057 226 1084 “
241 1053 318 1110 Tam
332 1065 430 1125 teneor
444 1055 528 1125 dono,
543 1051 628 1129 qudm
643 1054 667 1110 si
682 1054 805 1110 dimittar
819 1059 1001 1111 onustus.'’-

209 1136 226 1162 “
240 1133 278 1189 Ut
290 1133 375 1190 libet:
396 1135 459 1190 haec
472 1133 565 1208 porcis
579 1132 663 1208 hodie
672 1132 854 1188 comedenda
867 1131 1028 1207 relinquis'’

208 1209 348 1287 Prodigus
362 1222 390 1268 et
403 1212 505 1268 stultus
519 1212 606 1288 donat
619 1229 682 1286 quae
695 1211 803 1286 spernit
817 1221 846 1267 et
859 1211 926 1268 odit.
1114 1209 1155 1268 20

207 1289 281 1346 Haec
294 1309 376 1366 seges
389 1291 514 1366 ingratos
527 1291 600 1362 tulit,
614 1302 644 1348 et
657 1290 727 1347 seret
740 1290 873 1348 omnibus
887 1289 977 1350 annis.

207 1369 260 1426 Vir
276 1369 367 1426 bonus
381 1380 409 1426 et
423 1371 537 1446 sapiens
550 1369 645 1444 dignis
659 1369 698 1426 ait
711 1388 774 1426 esse
788 1381 918 1445 paratus;

207 1445 273 1504 Nec
286 1459 382 1506 tamen
395 1448 507 1526 ignorat
520 1449 587 1522 quid
602 1449 707 1504 distent
721 1467 776 1505 aera
790 1448 903 1524 lupinis.

206 1526 335 1602 Dignum
348 1527 487 1602 praestabo
500 1545 546 1584 me
561 1525 646 1585 etiam
661 1546 711 1601 pro
725 1526 808 1583 laude
823 1527 965 1584 merentis.

179 1659 180 1663 ,
206 1603 298 1665 Quod
312 1606 336 1661 si
349 1624 395 1660 me
409 1605 488 1662 noles
502 1623 620 1679 usquam
634 1605 791 1677 discedere,
805 1606 907 1662 reddes

183 1715 185 1722 ·
208 1681 295 1738 Forte
308 1682 392 1753 latus,
406 1684 503 1757 nigros
516 1684 637 1757 angusta
651 1684 742 1739 fronte
756 1683 887 1756 capillos;

208 1759 329 1816 Reddas
341 1759 427 1816 dulce
442 1761 533 1834 loqui3
555 1761 658 1816 reddes
670 1760 763 1816 ridere
777 1757 922 1816 decorum.

249 1835 336 1894 Forte
350 1857 401 1914 per
415 1848 564 1914 angustam
578 1837 673 1894 tenuis
686 1837 813 1894 nitedula
826 1838 926 1892 rimam

209 1914 351 1991 Repserat
365 1916 395 1972 in
409 1934 554 1972 cumeram
569 1916 722 1984 frumenti;
741 1926 876 1991 pastaque
890 1931 986 1972 rursus

209 1993 256 2051 Ire
271 1995 347 2051 foras
360 1995 444 2069 pleno
459 1995 595 2052 tendebat
608 2013 724 2069 corpore
739 1992 850 2050 frustra.

208 2072 266 2128 Cui
280 2073 401 2129 mustela
414 2073 523 2148 procul,
538 2074 601 2129 “Si
616 2073 685 2144 vis,''
700 2073 749 2143 ait,
764 2076 781 2102 “
794 2071 920 2146 effugere
933 2071 1048 2141 isthinc,

207 2148 309 2208 Macra
321 2169 423 2210 cavum
436 2160 546 2224 repetes
560 2162 680 2219 arctum,
694 2168 778 2223 quem
793 2165 891 2205 macra
904 2148 1032 2206 subisti.”

208 2228 275 2285 Hdc
288 2247 342 2304 ego
357 2228 380 2284 si
394 2227 546 2303 compellor
560 2227 695 2304 imagine,
709 2238 815 2284 cuncta
827 2227 960 2303 resigno:

207 2305 273 2362 Nec
287 2325 417 2364 somnum
431 2306 522 2382 plebis
536 2306 631 2377 laudo,
642 2316 718 2362 satur
733 2305 870 2377 altilium;
891 2324 947 2363 nec

207 2384 276 2442 Otia
289 2383 394 2442 divitiis
408 2386 537 2442 Arabum
550 2385 693 2442 liberrima
706 2396 793 2442 muto.

209 2460 292 2538 saepe
307 2464 498 2521 verecundum
512 2463 651 2532 laudasti3
678 2463 799 2538 Rexque
813 2461 954 2538 Paterque

208 2541 325 2599 Audisti
339 2541 451 2611 coram;
473 2561 529 2600 nec
543 2542 628 2598 verbo
639 2539 754 2618 parcitis
769 2541 887 2598 absens:

209 2619 322 2695 Inspice
336 2623 360 2679 si
373 2640 488 2698 possum
502 2621 608 2679 donata
621 2639 756 2696 reponere
771 2619 861 2678 laetus.

208 2699 295 2756 Haud
309 2699 384 2758 mdc
399 2699 602 2771 Telemachus,
616 2699 708 2775 proles
720 2700 853 2774 patientis
867 2698 997 2772 Ulyssei:

211 2782 228 2808 “
240 2776 308 2835 Non
321 2791 365 2837 est
378 2790 459 2854 aptus
472 2779 553 2854 equis
567 2778 665 2835 Ithace
679 2779 774 2846 locus;
796 2788 827 2833 ut
841 2795 932 2850 neque
945 2775 1038 2850 planis

208 2854 360 2913 Porrectus
374 2857 481 2931 spatiis,
495 2875 589 2928 neque
602 2856 697 2912 multae
710 2855 846 2930 prodigus
859 2854 954 2910 herbae
967 2873 974 2910 ;

209 2934 321 3005 Atride,
335 2931 426 3008 magis
439 2945 505 3007 apta
518 2933 568 2988 tibi
583 2943 633 2988 tua
646 2932 721 2988 dona
733 2932 918 3006 relinquam.’'
975 2963 977 2968 ι

208 3014 332 3074 Parvum
344 3031 431 3087 parva
444 3011 548 3067 decent
561 3029 567 3066 2
588 3009 657 3065 mihi
669 3010 727 3084 jam
740 3029 799 3067 non
810 3010 892 3084 regia.
899 3010 1007 3080 Roma,

209 3095 266 3153 Sed
281 3110 403 3149 vacuum
417 3088 510 3146 Tibur
524 3088 626 3164 placet,
641 3099 690 3143 aut
703 3087 815 3144 imbelle
829 3088 998 3144 Tarentum.

248 3177 388 3232 Strenuus
403 3180 431 3226 et
445 3168 535 3240 fortis,
548 3167 698 3241 causisque
712 3165 859 3241 Philippus
872 3165 991 3240 agendis

208 3255 320 3324 Clarus,
335 3251 371 3308 ab
384 3248 485 3307 officiis
498 3257 627 3304 octavam
640 3245 752 3302 circiter
768 3245 863 3302 horam

208 3333 285 3391 Dum
299 3330 381 3402 redit,
396 3340 479 3404 atque
494 3327 553 3384 loro
567 3321 689 3384 uimiirm
702 3325 806 3384 distare
821 3322 942 3382 Carinas

208 3412 225 3468 J
228 3432 273 3469 am
287 3410 401 3486 grandis
415 3418 485 3465 natu
498 3405 633 3482 queritur,
647 3405 804 3482 conspexit,
818 3414 849 3461 ut
863 3401 952 3472 aiunt,

209 3491 352 3547 Adrasum
367 3487 509 3562 quendam
523 3486 613 3542 vacui
626 3485 748 3543 tonsoris
762 3485 791 3541 in
805 3480 917 3552 umbri,

145 3593 146 3596 ¹
209 3567 332 3625 Cultello
346 3567 472 3641 proprios
485 3575 654 3640 purgantem
666 3563 768 3620 leniter
782 3579 902 3636 ungues.

211 3651 229 3677 “
243 3644 399 3715 Demetri,''
417 3642 499 3719 (puer
513 3645 561 3700 hic
575 3662 633 3700 non
646 3640 716 3698 lave
729 3641 809 3717 jussa
823 3639 946 3716 Philippi

210 3722 404 3799 Accipiebat,)
422 3725 439 3751 “
453 3721 517 3792 abi;
539 3741 634 3799 quaere
649 3730 677 3778 et
691 3721 775 3792 refer,
791 3720 866 3776 unde
881 3719 977 3790 domo,
985 3717 1058 3793 quis,

210 3803 301 3879 Cujus
315 3799 451 3868 fortunae3
472 3819 527 3874 quo
541 3802 577 3858 sit
589 3813 679 3875 patre,
693 3816 783 3874 quove
797 3799 942 3874 patronos?

209 3881 248 3957 It,
263 3881 345 3956 redit,
359 3890 388 3939 et
401 3888 511 3937 narrat:
532 3879 678 3937 Volteium
692 3878 808 3938 nomine
820 3876 947 3950 Menam,
