<?xml version="1.0" encoding="UTF-8"?>
<!DOCTYPE html PUBLIC "-//W3C//DTD XHTML 1.0 Transitional//EN"
    "http://www.w3.org/TR/xhtml1/DTD/xhtml1-transitional.dtd">
<html xmlns="http://www.w3.org/1999/xhtml" xml:lang="en" lang="en">
 <head>
  <title>
</title>
<meta http-equiv="Content-Type" content="text/html;charset=utf-8" />
  <meta name='ocr-system' content='tesseract 3.04.00' />
  <meta name='ocr-capabilities' content='ocr_page ocr_carea ocr_par ocr_line ocrx_word'/>
</head>
<body>
  <div class='ocr_page' id='page_1' title='image "./operaacceduntcl00horagoog_0091.png"; bbox 0 0 2706 4362; ppageno 0'>
   <div class='ocr_carea' id='block_1_1' title="bbox 516 343 861 404">
    <p class='ocr_par' dir='ltr' id='par_1_1' title="bbox 516 343 861 404">
     <span class='ocr_line' id='line_1_1' title="bbox 516 343 861 404; baseline -0.017 0"><span class='ocrx_word' id='word_1_1' title='bbox 516 345 548 404; x_wconf 77' lang='lat' dir='ltr'>Q·</span> <span class='ocrx_word' id='word_1_2' title='bbox 565 343 713 398; x_wconf 82' lang='lat' dir='ltr'>HORATII</span> <span class='ocrx_word' id='word_1_3' title='bbox 729 347 861 400; x_wconf 65' lang='lat' dir='ltr'>succi.</span> 
     </span>
    </p>
   </div>
   <div class='ocr_carea' id='block_1_2' title="bbox 350 489 1049 1829">
    <p class='ocr_par' dir='ltr' id='par_1_2' title="bbox 350 489 1049 1829">
     <span class='ocr_line' id='line_1_2' title="bbox 512 489 913 568; baseline 0.01 -20"><span class='ocrx_word' id='word_1_4' title='bbox 512 489 634 568; x_wconf 81' lang='lat' dir='ltr'><strong>Frangit</strong></span> <span class='ocrx_word' id='word_1_5' title='bbox 647 502 802 552; x_wconf 88' lang='lat' dir='ltr'>trementes</span> <span class='ocrx_word' id='word_1_6' title='bbox 816 494 913 552; x_wconf 86' lang='lat' dir='ltr'>ilices:</span> 
     </span>
     <span class='ocr_line' id='line_1_3' title="bbox 355 566 979 649; baseline 0.006 -23"><span class='ocrx_word' id='word_1_7' title='bbox 355 566 421 627; x_wconf 89' lang='lat' dir='ltr'>Nec</span> <span class='ocrx_word' id='word_1_8' title='bbox 434 567 513 628; x_wconf 84' lang='lat' dir='ltr'>sidus</span> <span class='ocrx_word' id='word_1_9' title='bbox 526 571 687 629; x_wconf 73' lang='lat' dir='ltr'>atranocte</span> <span class='ocrx_word' id='word_1_10' title='bbox 700 571 825 629; x_wconf 89' lang='lat' dir='ltr'>amicum</span> <span class='ocrx_word' id='word_1_11' title='bbox 836 583 979 649; x_wconf 83' lang='lat' dir='ltr'>appareat,</span> 
     </span>
     <span class='ocr_line' id='line_1_4' title="bbox 513 646 898 710; baseline -0.003 0"><span class='ocrx_word' id='word_1_12' title='bbox 513 646 584 710; x_wconf 78' lang='lat' dir='ltr'>Qut</span> <span class='ocrx_word' id='word_1_13' title='bbox 598 649 686 707; x_wconf 86' lang='lat' dir='ltr'>tristis</span> <span class='ocrx_word' id='word_1_14' title='bbox 699 649 791 708; x_wconf 87' lang='lat' dir='ltr'>Orion</span> <span class='ocrx_word' id='word_1_15' title='bbox 805 653 898 709; x_wconf 89' lang='lat' dir='ltr'>cadit:</span> 
     </span>
     <span class='ocr_line' id='line_1_5' title="bbox 354 723 831 804; baseline -0.002 -17"><span class='ocrx_word' id='word_1_16' title='bbox 354 723 505 788; x_wconf 78' lang='lat' dir='ltr'>Quietiora</span> <span class='ocrx_word' id='word_1_17' title='bbox 519 745 575 784; x_wconf 89' lang='lat' dir='ltr'>nec</span> <span class='ocrx_word' id='word_1_18' title='bbox 590 728 694 786; x_wconf 85' lang='lat' dir='ltr'>feratur</span> <span class='ocrx_word' id='word_1_19' title='bbox 709 747 831 804; x_wconf 72' lang='lat' dir='ltr'>equore,</span> 
     </span>
     <span class='ocr_line' id='line_1_6' title="bbox 512 804 990 883; baseline 0 -15"><span class='ocrx_word' id='word_1_20' title='bbox 512 804 612 868; x_wconf 76' lang='lat' dir='ltr'>Quam</span> <span class='ocrx_word' id='word_1_21' title='bbox 625 807 713 864; x_wconf 86' lang='lat' dir='ltr'>Graia</span> <span class='ocrx_word' id='word_1_22' title='bbox 726 809 864 866; x_wconf 84' lang='lat' dir='ltr'>victorum</span> <span class='ocrx_word' id='word_1_23' title='bbox 878 827 990 883; x_wconf 87' lang='lat' dir='ltr'>manus,</span> 
     </span>
     <span class='ocr_line' id='line_1_7' title="bbox 353 882 938 946; baseline 0.007 -4"><span class='ocrx_word' id='word_1_24' title='bbox 353 882 455 946; x_wconf 80' lang='lat' dir='ltr'>Quum</span> <span class='ocrx_word' id='word_1_25' title='bbox 468 882 563 942; x_wconf 82' lang='lat' dir='ltr'>Pallas</span> <span class='ocrx_word' id='word_1_26' title='bbox 577 896 640 944; x_wconf 85' lang='lat' dir='ltr'>usto</span> <span class='ocrx_word' id='word_1_27' title='bbox 654 887 736 944; x_wconf 89' lang='lat' dir='ltr'>vertit</span> <span class='ocrx_word' id='word_1_28' title='bbox 749 887 820 944; x_wconf 91' lang='lat' dir='ltr'>iram</span> <span class='ocrx_word' id='word_1_29' title='bbox 835 888 871 945; x_wconf 90' lang='lat' dir='ltr'>ab</span> <span class='ocrx_word' id='word_1_30' title='bbox 885 886 938 946; x_wconf 90' lang='lat' dir='ltr'>llio</span> 
     </span>
     <span class='ocr_line' id='line_1_8' title="bbox 513 961 905 1041; baseline 0.013 -21"><span class='ocrx_word' id='word_1_31' title='bbox 513 961 549 1020; x_wconf 84' lang='lat' dir='ltr'>In</span> <span class='ocrx_word' id='word_1_32' title='bbox 564 965 679 1041; x_wconf 86' lang='lat' dir='ltr'>impiam</span> <span class='ocrx_word' id='word_1_33' title='bbox 694 965 793 1040; x_wconf 83' lang='lat' dir='ltr'>Ajacis</span> <span class='ocrx_word' id='word_1_34' title='bbox 806 977 905 1025; x_wconf 90' lang='lat' dir='ltr'>ratem.</span> 
     </span>
     <span class='ocr_line' id='line_1_9' title="bbox 353 1039 913 1119; baseline 0.009 -22"><span class='ocrx_word' id='word_1_35' title='bbox 353 1039 382 1097; x_wconf 93' lang='grc' dir='ltr'>Ο</span> <span class='ocrx_word' id='word_1_36' title='bbox 395 1051 518 1115; x_wconf 88' lang='lat' dir='ltr'>quantus</span> <span class='ocrx_word' id='word_1_37' title='bbox 532 1043 619 1100; x_wconf 81' lang='lat' dir='ltr'>instat</span> <span class='ocrx_word' id='word_1_38' title='bbox 632 1043 735 1101; x_wconf 90' lang='lat' dir='ltr'>navitis</span> <span class='ocrx_word' id='word_1_39' title='bbox 748 1044 834 1102; x_wconf 88' lang='lat' dir='ltr'>sudor</span> <span class='ocrx_word' id='word_1_40' title='bbox 847 1046 913 1119; x_wconf 85' lang='lat' dir='ltr'>tuis,</span> 
     </span>
     <span class='ocr_line' id='line_1_10' title="bbox 511 1119 854 1199; baseline 0.009 -21"><span class='ocrx_word' id='word_1_41' title='bbox 511 1119 635 1197; x_wconf 90' lang='lat' dir='ltr'>Tibique</span> <span class='ocrx_word' id='word_1_42' title='bbox 648 1123 737 1199; x_wconf 90' lang='lat' dir='ltr'>pallor</span> <span class='ocrx_word' id='word_1_43' title='bbox 750 1121 854 1196; x_wconf 86' lang='lat' dir='ltr'>luteus,</span> 
     </span>
     <span class='ocr_line' id='line_1_11' title="bbox 353 1194 763 1278; baseline 0.005 -22"><span class='ocrx_word' id='word_1_44' title='bbox 353 1194 392 1256; x_wconf 82' lang='lat' dir='ltr'>Et</span> <span class='ocrx_word' id='word_1_45' title='bbox 405 1197 454 1260; x_wconf 79' lang='lat' dir='ltr'>itta</span> <span class='ocrx_word' id='word_1_46' title='bbox 466 1218 525 1259; x_wconf 88' lang='lat' dir='ltr'>uon</span> <span class='ocrx_word' id='word_1_47' title='bbox 540 1202 626 1258; x_wconf 90' lang='lat' dir='ltr'>virilis</span> <span class='ocrx_word' id='word_1_48' title='bbox 639 1201 763 1278; x_wconf 77' lang='lat' dir='ltr'><strong>ejulatio,</strong></span> 
     </span>
     <span class='ocr_line' id='line_1_12' title="bbox 511 1278 978 1354; baseline 0.004 -18"><span class='ocrx_word' id='word_1_49' title='bbox 511 1279 617 1337; x_wconf 78' lang='lat' dir='ltr'>Preces</span> <span class='ocrx_word' id='word_1_50' title='bbox 630 1290 659 1336; x_wconf 90' lang='lat' dir='ltr'>et</span> <span class='ocrx_word' id='word_1_51' title='bbox 672 1297 802 1336; x_wconf 86' lang='lat' dir='ltr'>aversum</span> <span class='ocrx_word' id='word_1_52' title='bbox 816 1280 853 1336; x_wconf 91' lang='lat' dir='ltr'>ad</span> <span class='ocrx_word' id='word_1_53' title='bbox 866 1278 978 1354; x_wconf 83' lang='lat' dir='ltr'>Jovem,</span> 
     </span>
     <span class='ocr_line' id='line_1_13' title="bbox 353 1352 896 1434; baseline 0.009 -23"><span class='ocrx_word' id='word_1_54' title='bbox 353 1352 453 1412; x_wconf 86' lang='lat' dir='ltr'>Ionius</span> <span class='ocrx_word' id='word_1_55' title='bbox 468 1357 524 1416; x_wconf 93' lang='lat' dir='ltr'>udo</span> <span class='ocrx_word' id='word_1_56' title='bbox 537 1376 625 1430; x_wconf 91' lang='lat' dir='ltr'>quum</span> <span class='ocrx_word' id='word_1_57' title='bbox 639 1359 802 1434; x_wconf 83' lang='lat' dir='ltr'>remugiens</span> <span class='ocrx_word' id='word_1_58' title='bbox 815 1357 896 1416; x_wconf 82' lang='lat' dir='ltr'>sinus</span> 
     </span>
     <span class='ocr_line' id='line_1_14' title="bbox 509 1434 865 1514; baseline 0.003 -21"><span class='ocrx_word' id='word_1_59' title='bbox 509 1434 539 1492; x_wconf 94' lang='lat' dir='ltr'>N</span> <span class='ocrx_word' id='word_1_60' title='bbox 540 1448 588 1494; x_wconf 91' lang='lat' dir='ltr'>oto</span> <span class='ocrx_word' id='word_1_61' title='bbox 601 1437 728 1494; x_wconf 84' lang='lat' dir='ltr'>carinam</span> <span class='ocrx_word' id='word_1_62' title='bbox 743 1437 865 1514; x_wconf 78' lang='lat' dir='ltr'>ruperit!</span> 
     </span>
     <span class='ocr_line' id='line_1_15' title="bbox 350 1510 900 1592; baseline 0.009 -23"><span class='ocrx_word' id='word_1_63' title='bbox 350 1510 457 1588; x_wconf 88' lang='lat' dir='ltr'>Opima</span> <span class='ocrx_word' id='word_1_64' title='bbox 470 1511 546 1589; x_wconf 82' lang='lat' dir='ltr'>qudd</span> <span class='ocrx_word' id='word_1_65' title='bbox 560 1516 585 1572; x_wconf 88' lang='lat' dir='ltr'>si</span> <span class='ocrx_word' id='word_1_66' title='bbox 597 1518 694 1592; x_wconf 76' lang='lat' dir='ltr'>praeda</span> <span class='ocrx_word' id='word_1_67' title='bbox 707 1517 900 1576; x_wconf 86' lang='lat' dir='ltr'>currolittore</span> 
     </span>
     <span class='ocr_line' id='line_1_16' title="bbox 508 1593 1049 1674; baseline 0.009 -23"><span class='ocrx_word' id='word_1_68' title='bbox 508 1593 643 1652; x_wconf 86' lang='lat' dir='ltr'>Porrecta</span> <span class='ocrx_word' id='word_1_69' title='bbox 657 1613 768 1674; x_wconf 85' lang='lat' dir='ltr'>mergos</span> <span class='ocrx_word' id='word_1_70' title='bbox 778 1596 896 1672; x_wconf 79' lang='lat' dir='ltr'>juveris,</span> <span class='ocrx_word' id='word_1_71' title='bbox 996 1617 999 1625; x_wconf 88' lang='lat'>·</span> <span class='ocrx_word' id='word_1_72' title='bbox 1047 1595 1049 1602; x_wconf 73' lang='lat'>&#39;</span> 
     </span>
     <span class='ocr_line' id='line_1_17' title="bbox 351 1666 848 1750; baseline 0.012 -23"><span class='ocrx_word' id='word_1_73' title='bbox 351 1666 536 1730; x_wconf 87' lang='lat' dir='ltr'>Libidinosus</span> <span class='ocrx_word' id='word_1_74' title='bbox 548 1674 739 1732; x_wconf 80' lang='lat' dir='ltr'>immolabitur</span> <span class='ocrx_word' id='word_1_75' title='bbox 753 1693 848 1750; x_wconf 88' lang='lat' dir='ltr'>caper,</span> 
     </span>
     <span class='ocr_line' id='line_1_18' title="bbox 510 1751 894 1829; baseline 0.01 -21"><span class='ocrx_word' id='word_1_76' title='bbox 510 1751 548 1809; x_wconf 86' lang='lat' dir='ltr'>Et</span> <span class='ocrx_word' id='word_1_77' title='bbox 561 1772 636 1829; x_wconf 83' lang='lat' dir='ltr'>agna</span> <span class='ocrx_word' id='word_1_78' title='bbox 650 1752 894 1829; x_wconf 69' lang='lat' dir='ltr'>Tempestatibus.</span> 
     </span>
    </p>
   </div>
   <div class='ocr_carea' id='block_1_3' title="bbox 613 2065 758 2125">
    <p class='ocr_par' dir='ltr' id='par_1_3' title="bbox 613 2065 758 2125">
     <span class='ocr_line' id='line_1_19' title="bbox 613 2065 758 2125; baseline 0.014 -2"><span class='ocrx_word' id='word_1_79' title='bbox 613 2065 698 2124; x_wconf 87' lang='lat' dir='ltr'>ODE</span> <span class='ocrx_word' id='word_1_80' title='bbox 718 2067 758 2125; x_wconf 90' lang='lat' dir='ltr'>X.</span> 
     </span>
    </p>
   </div>
   <div class='ocr_carea' id='block_1_4' title="bbox 594 2203 776 2244">
    <p class='ocr_par' dir='ltr' id='par_1_4' title="bbox 594 2203 776 2244">
     <span class='ocr_line' id='line_1_20' title="bbox 594 2203 776 2244; baseline 0.011 -2"><span class='ocrx_word' id='word_1_81' title='bbox 594 2203 635 2242; x_wconf 75' lang='lat' dir='ltr'>An</span> <span class='ocrx_word' id='word_1_82' title='bbox 655 2204 776 2244; x_wconf 76' lang='lat' dir='ltr'>amcos.</span> 
     </span>
    </p>
   </div>
   <div class='ocr_carea' id='block_1_5' title="bbox 268 2302 1179 3644">
    <p class='ocr_par' dir='ltr' id='par_1_5' title="bbox 271 2302 1109 2461">
     <span class='ocr_line' id='line_1_21' title="bbox 312 2302 1067 2382; baseline 0.009 -23"><span class='ocrx_word' id='word_1_83' title='bbox 312 2302 455 2361; x_wconf 79' lang='lat' dir='ltr'>Hoaarus</span> <span class='ocrx_word' id='word_1_84' title='bbox 469 2315 623 2382; x_wconf 88' lang='lat' dir='ltr'>tempestas</span> <span class='ocrx_word' id='word_1_85' title='bbox 637 2304 742 2362; x_wconf 85' lang='lat' dir='ltr'>ooelurn</span> <span class='ocrx_word' id='word_1_86' title='bbox 755 2305 905 2378; x_wconf 79' lang='lat' dir='ltr'>contraxit,</span> <span class='ocrx_word' id='word_1_87' title='bbox 919 2317 949 2364; x_wconf 89' lang='lat' dir='ltr'>et</span> <span class='ocrx_word' id='word_1_88' title='bbox 962 2306 1067 2366; x_wconf 86' lang='lat' dir='ltr'>imbres</span> 
     </span>
     <span class='ocr_line' id='line_1_22' title="bbox 271 2381 1109 2461; baseline 0.006 -21"><span class='ocrx_word' id='word_1_89' title='bbox 271 2381 416 2457; x_wconf 86' lang='lat' dir='ltr'>Nivesque</span> <span class='ocrx_word' id='word_1_90' title='bbox 430 2383 579 2442; x_wconf 89' lang='lat' dir='ltr'>deducunt</span> <span class='ocrx_word' id='word_1_91' title='bbox 592 2384 710 2442; x_wconf 86' lang='lat' dir='ltr'>Jovern:</span> <span class='ocrx_word' id='word_1_92' title='bbox 731 2403 810 2442; x_wconf 89' lang='lat' dir='ltr'>nunc</span> <span class='ocrx_word' id='word_1_93' title='bbox 824 2403 912 2458; x_wconf 87' lang='lat' dir='ltr'>mare,</span> <span class='ocrx_word' id='word_1_94' title='bbox 927 2406 1006 2444; x_wconf 92' lang='lat' dir='ltr'>nunc</span> <span class='ocrx_word' id='word_1_95' title='bbox 1020 2388 1109 2461; x_wconf 84' lang='lat' dir='ltr'>silure,</span> 
     </span>
    </p>

    <p class='ocr_par' dir='ltr' id='par_1_6' title="bbox 271 2460 1052 2620">
     <span class='ocr_line' id='line_1_23' title="bbox 311 2460 1052 2542; baseline 0.008 -24"><span class='ocrx_word' id='word_1_96' title='bbox 311 2460 450 2521; x_wconf 84' lang='lat' dir='ltr'>Threicio</span> <span class='ocrx_word' id='word_1_97' title='bbox 463 2464 608 2538; x_wconf 79' lang='lat' dir='ltr'>Aquilone</span> <span class='ocrx_word' id='word_1_98' title='bbox 621 2475 731 2523; x_wconf 88' lang='lat' dir='ltr'>sonant.</span> <span class='ocrx_word' id='word_1_99' title='bbox 774 2464 944 2542; x_wconf 87' lang='lat' dir='ltr'>Rapiamus,</span> <span class='ocrx_word' id='word_1_100' title='bbox 958 2467 1052 2539; x_wconf 86' lang='lat' dir='ltr'>amici,</span> 
     </span>
     <span class='ocr_line' id='line_1_24' title="bbox 271 2541 960 2620; baseline 0.004 -21"><span class='ocrx_word' id='word_1_101' title='bbox 271 2541 461 2600; x_wconf 74' lang='lat' dir='ltr'>Occasionem</span> <span class='ocrx_word' id='word_1_102' title='bbox 476 2543 591 2600; x_wconf 89' lang='lat' dir='ltr'>de&#39;die:</span> <span class='ocrx_word' id='word_1_103' title='bbox 613 2543 737 2618; x_wconf 90' lang='lat' dir='ltr'>dumque</span> <span class='ocrx_word' id='word_1_104' title='bbox 751 2544 842 2602; x_wconf 87' lang='lat' dir='ltr'>virent</span> <span class='ocrx_word' id='word_1_105' title='bbox 854 2563 960 2620; x_wconf 85' lang='lat' dir='ltr'>genua,</span> 
     </span>
    </p>

    <p class='ocr_par' dir='ltr' id='par_1_7' title="bbox 272 2618 1179 2777">
     <span class='ocr_line' id='line_1_25' title="bbox 311 2618 1179 2692; baseline 0.008 -15"><span class='ocrx_word' id='word_1_106' title='bbox 311 2618 349 2678; x_wconf 88' lang='lat' dir='ltr'>Et</span> <span class='ocrx_word' id='word_1_107' title='bbox 362 2621 454 2692; x_wconf 87' lang='lat' dir='ltr'>decet,</span> <span class='ocrx_word' id='word_1_108' title='bbox 468 2619 594 2678; x_wconf 78' lang='lat' dir='ltr'>obducti</span> <span class='ocrx_word' id='word_1_109' title='bbox 608 2620 731 2678; x_wconf 88' lang='lat' dir='ltr'>solvatur</span> <span class='ocrx_word' id='word_1_110' title='bbox 745 2623 835 2680; x_wconf 87' lang='lat' dir='ltr'>fronte</span> <span class='ocrx_word' id='word_1_111' title='bbox 849 2635 992 2681; x_wconf 87' lang='lat' dir='ltr'>senectus.</span> <span class='ocrx_word' id='word_1_112' title='bbox 1158 2627 1179 2684; x_wconf 79' lang='lat'><strong><em>5</em></strong></span> 
     </span>
     <span class='ocr_line' id='line_1_26' title="bbox 272 2698 979 2777; baseline 0.003 -21"><span class='ocrx_word' id='word_1_113' title='bbox 272 2698 320 2756; x_wconf 89' lang='lat' dir='ltr'>Tu</span> <span class='ocrx_word' id='word_1_114' title='bbox 335 2700 400 2757; x_wconf 88' lang='lat' dir='ltr'>vina</span> <span class='ocrx_word' id='word_1_115' title='bbox 412 2698 559 2774; x_wconf 83' lang='lat' dir='ltr'>Torquato</span> <span class='ocrx_word' id='word_1_116' title='bbox 573 2718 653 2757; x_wconf 90' lang='lat' dir='ltr'>move</span> <span class='ocrx_word' id='word_1_117' title='bbox 667 2701 783 2759; x_wconf 90' lang='lat' dir='ltr'>consule</span> <span class='ocrx_word' id='word_1_118' title='bbox 796 2719 893 2777; x_wconf 89' lang='lat' dir='ltr'>pressa</span> <span class='ocrx_word' id='word_1_119' title='bbox 907 2721 979 2760; x_wconf 88' lang='lat' dir='ltr'>meo.</span> 
     </span>
    </p>

    <p class='ocr_par' dir='ltr' id='par_1_8' title="bbox 273 2777 1061 2919">
     <span class='ocr_line' id='line_1_27' title="bbox 312 2777 1061 2858; baseline 0.007 -23"><span class='ocrx_word' id='word_1_120' title='bbox 312 2777 423 2836; x_wconf 82' lang='lat' dir='ltr'>Caetera</span> <span class='ocrx_word' id='word_1_121' title='bbox 437 2778 516 2836; x_wconf 90' lang='lat' dir='ltr'>mitte</span> <span class='ocrx_word' id='word_1_122' title='bbox 531 2778 621 2854; x_wconf 87' lang='lat' dir='ltr'>loqui:</span> <span class='ocrx_word' id='word_1_123' title='bbox 642 2779 714 2836; x_wconf 90' lang='lat' dir='ltr'>deus</span> <span class='ocrx_word' id='word_1_124' title='bbox 727 2781 788 2836; x_wconf 83' lang='lat' dir='ltr'>haec</span> <span class='ocrx_word' id='word_1_125' title='bbox 803 2780 919 2838; x_wconf 85' lang='lat' dir='ltr'>fortasse</span> <span class='ocrx_word' id='word_1_126' title='bbox 934 2782 1061 2858; x_wconf 69' lang='lat' dir='ltr'>benigni</span> 
     </span>
     <span class='ocr_line' id='line_1_28' title="bbox 273 2856 1024 2919; baseline 0.009 -7"><span class='ocrx_word' id='word_1_127' title='bbox 273 2856 408 2914; x_wconf 88' lang='lat' dir='ltr'>Reducet</span> <span class='ocrx_word' id='word_1_128' title='bbox 422 2858 452 2914; x_wconf 92' lang='lat' dir='ltr'>in</span> <span class='ocrx_word' id='word_1_129' title='bbox 467 2859 564 2916; x_wconf 88' lang='lat' dir='ltr'>sedern</span> <span class='ocrx_word' id='word_1_130' title='bbox 579 2859 650 2916; x_wconf 90' lang='lat' dir='ltr'>vice.</span> <span class='ocrx_word' id='word_1_131' title='bbox 692 2857 781 2917; x_wconf 89' lang='lat' dir='ltr'>Nunc</span> <span class='ocrx_word' id='word_1_132' title='bbox 795 2871 823 2919; x_wconf 87' lang='lat' dir='ltr'>et</span> <span class='ocrx_word' id='word_1_133' title='bbox 834 2861 1024 2919; x_wconf 76' lang='lat' dir='ltr'>Achaemenio</span> 
     </span>
    </p>

    <p class='ocr_par' dir='ltr' id='par_1_9' title="bbox 273 2934 1176 3090">
     <span class='ocr_line' id='line_1_29' title="bbox 312 2934 918 3014; baseline 0.01 -23"><span class='ocrx_word' id='word_1_134' title='bbox 312 2934 448 2992; x_wconf 84' lang='lat' dir='ltr'>Perfuudi</span> <span class='ocrx_word' id='word_1_135' title='bbox 463 2939 553 2996; x_wconf 90' lang='lat' dir='ltr'>nardo</span> <span class='ocrx_word' id='word_1_136' title='bbox 564 2938 652 3014; x_wconf 89' lang='lat' dir='ltr'>juvat,</span> <span class='ocrx_word' id='word_1_137' title='bbox 667 2951 697 2997; x_wconf 91' lang='lat' dir='ltr'>et</span> <span class='ocrx_word' id='word_1_138' title='bbox 711 2939 766 3000; x_wconf 85' lang='lat' dir='ltr'>lide</span> <span class='ocrx_word' id='word_1_139' title='bbox 780 2939 918 3014; x_wconf 78' lang='lat' dir='ltr'>Cylleneit</span> 
     </span>
     <span class='ocr_line' id='line_1_30' title="bbox 273 3013 1176 3090; baseline 0.004 -18"><span class='ocrx_word' id='word_1_140' title='bbox 273 3013 381 3072; x_wconf 78' lang='lat' dir='ltr'>Levme</span> <span class='ocrx_word' id='word_1_141' title='bbox 395 3014 464 3071; x_wconf 90' lang='lat' dir='ltr'>diris</span> <span class='ocrx_word' id='word_1_142' title='bbox 477 3029 593 3090; x_wconf 88' lang='lat' dir='ltr'>pectora</span> <span class='ocrx_word' id='word_1_143' title='bbox 606 3017 860 3075; x_wconf 86' lang='lat' dir='ltr'>sollicitudinibus:</span> <span class='ocrx_word' id='word_1_144' title='bbox 1140 3018 1176 3077; x_wconf 87' lang='lat'>10</span> 
     </span>
    </p>

    <p class='ocr_par' dir='ltr' id='par_1_10' title="bbox 272 3092 1030 3250">
     <span class='ocr_line' id='line_1_31' title="bbox 310 3092 1030 3171; baseline 0.006 -21"><span class='ocrx_word' id='word_1_145' title='bbox 310 3092 424 3151; x_wconf 90' lang='lat' dir='ltr'>Nobilis</span> <span class='ocrx_word' id='word_1_146' title='bbox 439 3105 471 3150; x_wconf 92' lang='lat' dir='ltr'>ut</span> <span class='ocrx_word' id='word_1_147' title='bbox 483 3096 585 3171; x_wconf 86' lang='lat' dir='ltr'>grandi</span> <span class='ocrx_word' id='word_1_148' title='bbox 600 3097 707 3154; x_wconf 89' lang='lat' dir='ltr'>cecinit</span> <span class='ocrx_word' id='word_1_149' title='bbox 720 3097 882 3154; x_wconf 81' lang='lat' dir='ltr'>Centaurus</span> <span class='ocrx_word' id='word_1_150' title='bbox 896 3098 1030 3155; x_wconf 90' lang='lat' dir='ltr'>alumno:</span> 
     </span>
     <span class='ocr_line' id='line_1_32' title="bbox 272 3169 942 3250; baseline 0.007 -22"><span class='ocrx_word' id='word_1_151' title='bbox 272 3169 410 3230; x_wconf 85' lang='lat' dir='ltr'>“luvicte</span> <span class='ocrx_word' id='word_1_152' title='bbox 424 3175 558 3246; x_wconf 88' lang='lat' dir='ltr'>mortalis,</span> <span class='ocrx_word' id='word_1_153' title='bbox 574 3175 628 3232; x_wconf 82' lang='lat' dir='ltr'>deti</span> <span class='ocrx_word' id='word_1_154' title='bbox 643 3187 709 3233; x_wconf 89' lang='lat' dir='ltr'>nate</span> <span class='ocrx_word' id='word_1_155' title='bbox 722 3194 792 3250; x_wconf 91' lang='lat' dir='ltr'>puer</span> <span class='ocrx_word' id='word_1_156' title='bbox 807 3175 942 3248; x_wconf 87' lang='lat' dir='ltr'>Thetide,</span> 
     </span>
    </p>

    <p class='ocr_par' dir='ltr' id='par_1_11' title="bbox 271 3249 1043 3404">
     <span class='ocr_line' id='line_1_33' title="bbox 311 3249 1025 3330; baseline 0.007 -23"><span class='ocrx_word' id='word_1_157' title='bbox 311 3249 357 3308; x_wconf 89' lang='lat' dir='ltr'>Te</span> <span class='ocrx_word' id='word_1_158' title='bbox 370 3261 467 3309; x_wconf 89' lang='lat' dir='ltr'>manet</span> <span class='ocrx_word' id='word_1_159' title='bbox 481 3254 615 3310; x_wconf 83' lang='lat' dir='ltr'>Assaraci</span> <span class='ocrx_word' id='word_1_160' title='bbox 628 3255 721 3324; x_wconf 88' lang='lat' dir='ltr'>tellus,</span> <span class='ocrx_word' id='word_1_161' title='bbox 735 3273 818 3328; x_wconf 84' lang='lat' dir='ltr'>quam</span> <span class='ocrx_word' id='word_1_162' title='bbox 834 3255 935 3330; x_wconf 84' lang='lat' dir='ltr'>frigida</span> <span class='ocrx_word' id='word_1_163' title='bbox 948 3255 1025 3330; x_wconf 83' lang='lat' dir='ltr'>parri</span> 
     </span>
     <span class='ocr_line' id='line_1_34' title="bbox 271 3327 1043 3404; baseline 0.008 -19"><span class='ocrx_word' id='word_1_164' title='bbox 271 3327 400 3387; x_wconf 88' lang='lat' dir='ltr'>Findunt</span> <span class='ocrx_word' id='word_1_165' title='bbox 414 3331 583 3389; x_wconf 80' lang='lat' dir='ltr'>Scamandri</span> <span class='ocrx_word' id='word_1_166' title='bbox 596 3331 722 3401; x_wconf 86' lang='lat' dir='ltr'>flumina,</span> <span class='ocrx_word' id='word_1_167' title='bbox 737 3332 864 3389; x_wconf 89' lang='lat' dir='ltr'>lubricus</span> <span class='ocrx_word' id='word_1_168' title='bbox 877 3345 906 3390; x_wconf 89' lang='lat' dir='ltr'>et</span> <span class='ocrx_word' id='word_1_169' title='bbox 921 3333 1026 3393; x_wconf 89' lang='lat' dir='ltr'>Simois</span> <span class='ocrx_word' id='word_1_170' title='bbox 1034 3353 1043 3404; x_wconf 90' lang='lat'>;</span> 
     </span>
    </p>

    <p class='ocr_par' dir='ltr' id='par_1_12' title="bbox 268 3407 1175 3562">
     <span class='ocr_line' id='line_1_35' title="bbox 309 3407 1175 3482; baseline 0.003 -17"><span class='ocrx_word' id='word_1_171' title='bbox 309 3407 393 3466; x_wconf 90' lang='lat' dir='ltr'>Unde</span> <span class='ocrx_word' id='word_1_172' title='bbox 407 3409 458 3467; x_wconf 94' lang='lat' dir='ltr'>tibi</span> <span class='ocrx_word' id='word_1_173' title='bbox 473 3411 594 3468; x_wconf 92' lang='lat' dir='ltr'>reditum</span> <span class='ocrx_word' id='word_1_174' title='bbox 608 3423 688 3469; x_wconf 91' lang='lat' dir='ltr'>certo</span> <span class='ocrx_word' id='word_1_175' title='bbox 702 3411 862 3482; x_wconf 88' lang='lat' dir='ltr'>subtemine</span> <span class='ocrx_word' id='word_1_176' title='bbox 877 3413 977 3470; x_wconf 72' lang='lat' dir='ltr'>Parcae</span> <span class='ocrx_word' id='word_1_177' title='bbox 1138 3411 1175 3469; x_wconf 76' lang='lat'>15</span> 
     </span>
     <span class='ocr_line' id='line_1_36' title="bbox 268 3485 1015 3562; baseline 0.008 -19"><span class='ocrx_word' id='word_1_178' title='bbox 268 3485 406 3562; x_wconf 64' lang='lat' dir='ltr'>Rupere3</span> <span class='ocrx_word' id='word_1_179' title='bbox 428 3508 483 3548; x_wconf 88' lang='lat' dir='ltr'>uec</span> <span class='ocrx_word' id='word_1_180' title='bbox 497 3501 586 3548; x_wconf 89' lang='lat' dir='ltr'>mater</span> <span class='ocrx_word' id='word_1_181' title='bbox 599 3490 715 3547; x_wconf 92' lang='lat' dir='ltr'>domum</span> <span class='ocrx_word' id='word_1_182' title='bbox 730 3491 837 3548; x_wconf 84' lang='lat' dir='ltr'>coerula</span> <span class='ocrx_word' id='word_1_183' title='bbox 852 3502 880 3548; x_wconf 91' lang='lat' dir='ltr'>te</span> <span class='ocrx_word' id='word_1_184' title='bbox 894 3492 1015 3549; x_wconf 89' lang='lat' dir='ltr'>revehet.</span> 
     </span>
    </p>

    <p class='ocr_par' dir='ltr' id='par_1_13' title="bbox 311 3566 1025 3644">
     <span class='ocr_line' id='line_1_37' title="bbox 311 3566 1025 3644; baseline 0.006 -22"><span class='ocrx_word' id='word_1_185' title='bbox 311 3566 375 3623; x_wconf 90' lang='lat' dir='ltr'>Illic</span> <span class='ocrx_word' id='word_1_186' title='bbox 388 3586 475 3628; x_wconf 87' lang='lat' dir='ltr'>omne</span> <span class='ocrx_word' id='word_1_187' title='bbox 489 3571 595 3628; x_wconf 92' lang='lat' dir='ltr'>malum</span> <span class='ocrx_word' id='word_1_188' title='bbox 609 3569 674 3627; x_wconf 85' lang='lat' dir='ltr'>vino</span> <span class='ocrx_word' id='word_1_189' title='bbox 688 3581 830 3644; x_wconf 87' lang='lat' dir='ltr'>cantuque</span> <span class='ocrx_word' id='word_1_190' title='bbox 844 3570 944 3643; x_wconf 84' lang='lat' dir='ltr'>levato,</span> <span class='ocrx_word' id='word_1_191' title='bbox 1019 3619 1025 3626; x_wconf 91' lang='lat'>.</span> 
     </span>
    </p>
   </div>
   <div class='ocr_carea' id='block_1_6' title="bbox 268 3641 913 3726">
    <p class='ocr_par' dir='ltr' id='par_1_14' title="bbox 268 3641 913 3726">
     <span class='ocr_line' id='line_1_38' title="bbox 268 3641 913 3726; baseline 0.005 -25"><span class='ocrx_word' id='word_1_192' title='bbox 268 3641 412 3704; x_wconf 86' lang='lat' dir='ltr'>Deformis</span> <span class='ocrx_word' id='word_1_193' title='bbox 427 3649 598 3726; x_wconf 70' lang='lat' dir='ltr'>aegrimonia</span> <span class='ocrx_word' id='word_1_194' title='bbox 612 3649 744 3706; x_wconf 86' lang='lat' dir='ltr'>dulcibus</span> <span class='ocrx_word' id='word_1_195' title='bbox 757 3648 913 3723; x_wconf 90' lang='lat' dir='ltr'>alloquiis.”</span> 
     </span>
    </p>
   </div>
   <div class='ocr_carea' id='block_1_7' title="bbox 0 0 1363 4362">
    <p class='ocr_par' dir='ltr' id='par_1_15' title="bbox 0 0 1363 4362">
     <span class='ocr_line' id='line_1_39' title="bbox 0 0 1363 4362; baseline 0 0"><span class='ocrx_word' id='word_1_196' title='bbox 0 0 1363 4362; x_wconf 95' lang='lat' dir='ltr'> </span> 
     </span>
    </p>
   </div>
  </div>
 </body>
</html>
