2756 4366
530 357 730 412 CARMINUM
747 359 813 412 ΜΒ.
831 359 881 414 111.

391 505 399 512 '
480 503 573 563 Velox
585 515 681 564 mente
694 504 788 564 uorrll
820 503 938 568 Quibus

323 585 424 644 Antris
437 583 546 660 egregii
559 583 681 641 Caesaris
695 585 794 642 audiar
818 637 822 643 .

482 661 635 722 AEteruum
649 665 790 722 meditans
804 663 894 721 decus
945 719 949 728 ,

325 743 420 801 Stellis
434 741 559 800 inserere
572 752 602 798 et
614 743 733 802 consilio
746 741 842 800 Jovist

483 821 586 878 Dicam
601 821 656 878 insi
677 841 724 894 ne,
737 840 849 894 recens,
863 821 958 879 adhuc

325 899 472 958 Indiotum
485 918 534 956 ore
548 900 610 958 alio.
644 840 713 958 Non
727 919 810 958 secus
825 900 855 958 in
866 899 944 976 jugis

484 976 636 1036 Exsomnis
649 990 743 1054 stupet
757 979 852 1051 Erias,

325 1057 457 1116 Hebrum
469 1057 654 1134 prospiciens,
668 1069 697 1115 et
710 1059 775 1114 nive
789 1057 940 1115 candidam

483 1135 630 1207 Thracen,
644 1155 678 1193 ac
691 1137 764 1212 pede
777 1136 896 1194 barbaro

324 1215 486 1274 Lustratam
500 1215 670 1290 Rhodopen.
707 1214 745 1272 Ut
758 1215 829 1272 mihi
843 1214 925 1272 devio

484 1294 576 1370 Ripae
589 1305 619 1350 et
633 1309 754 1350 vacuum
768 1311 873 1350 nemus

200 1405 203 1422 ι
326 1372 426 1431 Mirari
437 1372 522 1431 libet!
558 1373 586 1430 Ο
600 1369 747 1430 Naiadum
759 1382 871 1448 potens,

483 1452 718 1527 Baccharumque
732 1451 886 1510 valentium

324 1531 461 1590 Proceras
474 1531 606 1588 manibus
619 1542 727 1594 vertere
741 1531 880 1588 fraxinos!
923 1597 925 1600 ¹

484 1609 534 1668 Nil
548 1629 675 1686 parvum,
689 1621 738 1667 aut
751 1609 852 1668 humili
865 1607 960 1681 modo,

326 1688 376 1747 Nil
390 1689 508 1747 mortale
521 1689 626 1763 loquar.
661 1689 754 1746 Dulce
767 1688 939 1764 periculum,

485 1766 513 1822 O
527 1767 644 1838 Lenaee,
657 1767 737 1840 sequi
751 1767 837 1824 deum

327 1845 500 1922 cingentem
514 1844 596 1902 viridi
610 1855 737 1923 tempora
748 1845 897 1920 pampino!

614 2158 699 2216 oon
712 2158 783 2218 xx.
900 2127 917 2152 ‘

589 2295 629 2334 An
648 2295 805 2336 vnantnM.

364 2397 439 2456 err
451 2395 563 2454 choreis
577 2414 668 2471 nuper
682 2396 812 2470 idoneus,

364 2477 403 2535 Et
416 2474 534 2533 militavi
548 2493 605 2530 uon
620 2474 682 2530 sine
695 2473 802 2549 gloria:

404 2554 434 2612 N
437 2573 493 2612 urr„¹
508 2572 587 2611 arma
600 2552 823 2629 defunctumque
837 2553 910 2612 bello

354 2637 356 2640 ’
442 2632 578 2692 Barbiton
592 2632 641 2714 hic
651 2633 745 2708 paries
756 2634 879 2707 habebit,

363 2714 480 2773 Laerum
494 2713 611 2769 marinae
629 2712 677 2788 qui
692 2712 812 2770 Veneris
825 2713 900 2770 latus

364 2793 506 2851 Custodit.
548 2789 619 2861 Hic,
633 2791 681 2847 hic
694 2792 791 2866 ponite
804 2791 901 2846 lucida

405 2869 528 2928 Funalia
540 2879 571 2924 et
583 2877 678 2924 vectes
692 2879 720 2924 et
734 2887 818 2925 arcus
890 2931 903 2940 .

445 2945 593 3022 Oppositis
607 2945 712 3005 foribus
725 2948 861 3004 minaces.

367 3027 395 3085 Ο
409 3045 471 3101 quae
486 3026 608 3094 beatam,
623 3025 696 3096 diva,
710 3037 792 3084 tenes
806 3026 943 3102 Cyprum,
957 3035 986 3082 et

366 3103 517 3180 Memphin
532 3113 676 3158 carentem
692 3105 823 3160 Sithonia
837 3105 912 3173 nivo,

348 3198 365 3218 “
404 3182 531 3260 Regina,
546 3179 660 3237 sublimi
675 3179 785 3256 flagello

254 3267 263 3276 “
445 3261 549 3338 Tange
564 3258 676 3317 Chloen
691 3260 779 3318 semel
794 3268 981 3336 arrogantem.

528 3534 530 3542 ’
608 3577 693 3635 onn
706 3576 792 3634 xxi.
903 3587 906 3592 ·

460 3742 463 3750 .
581 3715 621 3754 An
643 3713 813 3754 GALATEAM·

356 3813 472 3873 'Iurros
484 3833 576 3890 parrae¹
588 3813 743 3870 recinentis
755 3833 839 3872 omen

367 3891 472 3965 Ducat,
486 3905 515 3950 et
527 3911 678 3968 pregnans
691 3893 780 3966 canis,
795 3904 843 3952 aut
856 3893 893 3952 ab
906 3913 974 3972 agro
1032 3894 1034 3898 ’
