2756 4366
488 303 518 360 Q.
536 299 682 351 HORA'I'II
699 299 831 351 sunem.

326 445 459 524 Impund‚
473 445 556 516 Lolli,
570 463 686 520 carpere
699 443 799 502 lividus

325 525 499 583 obliviones.
534 523 587 581 Est
600 524 712 580 animus
725 523 775 580 tibi

292 608 297 626 ⁸
366 604 532 678 Rerumque
546 603 681 679 prudens,
694 613 723 659 et
736 602 871 659 secundis

405 681 596 758 Temporibus
610 681 759 756 dubiisque
772 692 883 750 rectus;

326 761 441 818 Vindex
454 779 544 817 evnrae
558 759 674 831 fraudis,
690 770 719 816 et
732 759 878 818 abstinens

326 839 466 897 Ducentis
480 839 515 895 sd
530 858 561 896 sc
575 848 681 894 cuncta
692 838 839 913 pecuniae3

365 917 530 992 Consulque
544 936 602 975 non
616 911 701 974 unius
715 917 793 988 anni,

406 996 463 1053 Sed
477 996 586 1070 quoties
600 995 691 1052 bonus
705 1007 788 1069 etque
801 993 876 1052 fidus

210 1089 213 1094 ’
326 1074 422 1132 Judex
435 1075 585 1131 honestum
599 1073 721 1148 proetulit
734 1073 806 1145 utili,
820 1082 850 1130 et

326 1152 442 1228 Rejecit
456 1153 511 1209 ulto
525 1152 600 1211 dous
613 1151 778 1209 nocentium

366 1231 465 1302 Vultu,
479 1241 508 1287 et
520 1249 570 1304 per
583 1231 727 1287 obstantes
741 1240 867 1286 catervas

405 1309 550 1384 Explicuit
563 1327 615 1364 sua
628 1308 716 1364 victor
730 1325 815 1364 mma.

328 1387 397 1446 Non
448 1387 602 1443 ssid‘entem
615 1386 704 1442 multe
717 1385 860 1443 vocareris

326 1467 422 1524 Recte
438 1466 568 1521 beatum:
589 1462 696 1522 rectids
708 1474 830 1540 occupat

274 1549 296 1592 Ι
366 1544 481 1602 Nomen
495 1542 580 1614 beati,
594 1542 642 1618 qui
656 1543 773 1600 deorum

406 1621 576 1680 Muneribus
589 1622 730 1696 sapienter
743 1622 794 1694 uti,

326 1703 491 1776 Duremque
505 1701 589 1757 cullet
602 1702 764 1775 pauperiem
777 1701 846 1776 pati,

326 1780 467 1856 Pejusque
480 1778 537 1836 leto
551 1778 689 1854 flagitium
701 1779 798 1850 timet3

367 1857 436 1916 Non
451 1857 497 1915 ille
510 1876 561 1933 pro
574 1857 648 1914 caris
662 1857 761 1914 amicis

406 1938 468 1994 Aut
480 1936 571 2012 patrib
585 1936 701 1993 timidus
714 1936 813 2011 perire.

589 2246 673 2304 ODE
687 2247 741 2304 IX.

548 2385 589 2422 An
602 2385 781 2426 LIGURINUM.

249 2484 278 2542 Ο
293 2503 439 2542 cnunnms
453 2484 602 2567 adlucet
614 2483 737 2541 Veneris
745 2484 916 2542 muneribus
929 2496 1039 2562 potens,

249 2563 398 2638 Insperata
410 2574 466 2620 tuse
480 2580 568 2636 quum
581 2563 676 2619 veniet
687 2563 785 2636 pluma
798 2564 947 2637 superbie,

248 2641 296 2712 Et,
310 2659 373 2715 quae
386 2659 464 2698 nunc
478 2639 603 2696 humeris
617 2638 773 2710 involitant,
787 2641 946 2698 deciderint
959 2659 1060 2714 comer,

249 2718 338 2776 Nunc
352 2729 381 2775 et
393 2720 441 2794 qui
452 2718 529 2776 color
542 2728 586 2774 est
598 2713 732 2792 puniceae
742 2717 810 2774 flore
823 2719 899 2792 prior
912 2739 983 2776 rosae

251 2795 379 2854 Mutatus
392 2797 562 2873 Ligurinum
577 2796 722 2853 infaciem
737 2798 851 2854 verterit
860 2798 1017 2874 hispidam
1137 2801 1156 2857 5

250 2875 348 2947 Dices,
363 2880 381 2906 “
392 2875 492 2933 Heul''
509 2873 631 2952 (quoties
645 2886 673 2932 te
687 2876 717 2932 in
731 2875 847 2951 speculo
860 2876 964 2934 videris
977 2877 1109 2956 alterum)

252 2959 271 2985 “
280 2953 356 3015 Quae
370 2974 452 3012 mens
465 2965 510 3012 est
523 2953 617 3026 hodie,
632 2972 684 3010 cur
697 2955 798 3011 eudem
812 2973 869 3012 non
883 2974 972 3030 puero
986 2955 1058 3014 luitl

250 3033 305 3090 Vel
319 3033 427 3092 curbis
441 3033 543 3091 animis
557 3033 714 3090 incolumes
727 3052 785 3090 non
799 3034 920 3091 redeunt
933 3051 1014 3112 gene
1025 3034 1054 3092 'l’'

594 3346 679 3404 ODE
691 3347 738 3404 X.

544 3483 585 3522 An
599 3483 781 3523 sumnum.

200 3651 212 3667 ,
328 3579 391 3637 Esu
404 3582 474 3639 mihi
488 3601 595 3640 nonum
609 3581 769 3659 superantis
782 3601 889 3642 annum

328 3658 434 3716 Plenus
447 3659 553 3718 Albani
567 3663 672 3719 cadus:
694 3659 779 3718 estin
793 3661 883 3732 horto,

328 3735 432 3810 Phylli,
446 3740 594 3796 nectendis
608 3741 703 3816 apium
716 3738 841 3797 coronis:

564 3817 617 3876 Est
630 3819 742 3876 hederae
755 3815 796 3874 vis
