2706 4362
485 298 692 348 SATIRARUM
709 297 775 346 LiB.
792 295 829 344 11.
847 299 869 345 1.
1110 294 1169 358 115

603 509 748 542 norimus.

494 596 649 674 Cupidum,
663 605 742 671 pater
755 593 872 671 optime,
887 593 960 652 vires
990 593 998 654 i

220 677 382 738 Deficiunt:
403 695 496 752 neque
510 677 588 734 enim
601 676 691 750 quivis
705 673 849 732 horrentia
862 673 927 749 pilis

221 757 356 833 Agmina,
371 775 426 814 nec
440 756 529 813 fracti
542 763 694 831 pereuntes
707 753 825 830 cuspide
839 752 946 824 Gallos,
1081 806 1085 810 .

220 838 282 896 Aut
294 835 416 892 labentis
429 835 657 918 equopdescribat
671 832 787 892 vulnera
797 831 903 890 Parthi.
1134 827 1172 886 16

595 965 757 1013 nuenarius.

223 1071 360 1128 Attamen
374 1079 403 1126 et
413 1067 521 1144 justum
534 1077 646 1143 poteras
659 1077 688 1124 et
701 1066 825 1124 scribere
836 1065 946 1138 fortem,

222 1148 385 1226 Scipiadam
400 1159 432 1206 ut
445 1147 558 1223 sapiens
571 1145 709 1204 Lucilius.

592 1322 594 1325 .
602 1293 747 1350 nolimus,

680 1455 681 1460 η
705 1449 706 1456 ¹
732 1379 821 1440 Haud
834 1380 905 1438 mihi
918 1381 1013 1454 deero,

220 1465 323 1533 Quum
335 1483 382 1526 res
395 1463 456 1539 ipsa
469 1462 547 1520 ieret.
581 1461 647 1520 Nisi
661 1461 760 1518 dextro
773 1471 910 1537 tempore,
924 1459 1024 1518 Flacci

222 1544 320 1606 Verba
332 1562 382 1619 per
396 1553 532 1600 attentam
545 1561 605 1599 non
620 1541 701 1600 ibunt
715 1539 837 1598 Caesaris
851 1558 964 1598 aurern:

220 1624 279 1682 Cui
293 1620 367 1680 maid
382 1621 407 1678 si
419 1622 543 1697 palpere,
558 1620 719 1678 recalcitrat
732 1619 860 1694 undique
873 1628 959 1677 tutus.
1132 1617 1172 1677 20

593 1765 757 1805 saussaius.

221 1853 345 1919 Quanti>
358 1851 465 1914 rectiirs
478 1823 542 1924 hcc,
556 1850 643 1927 quim
656 1851 729 1908 tristi
742 1850 846 1908 iaedere
860 1869 943 1908 versu

223 1934 414 1994 Pantolabum
428 1950 554 1990 scurram
568 1930 840 2005 Nomentanumque
854 1931 1005 2006 nepotem!

181 2079 186 2086 ,
222 2015 325 2076 Quum
338 2013 392 2070 sibi
406 2013 523 2087 quisque
537 2009 628 2082 timet,
641 2028 803 2084 quanquam
817 2021 860 2068 est
874 2010 1007 2085 intactus,
1021 2020 1051 2070 et
1063 2010 1132 2071 odit.

602 2155 746 2191 HORA'HUS·
819 2203 822 2211 V

219 2250 302 2313 Quid
316 2247 441 2306 faciam?
476 2246 566 2304 Saitat
579 2243 726 2318 Miionius,
741 2257 773 2304 ut
786 2247 873 2318 semel
887 2248 944 2308 icto

221 2328 356 2387 Accessit
366 2327 455 2384 servor
469 2325 555 2402 capiti
569 2343 761 2402 numerusque
774 2326 914 2386 lucernis:
1132 2332 1170 2389 25

220 2409 324 2466 Castor
338 2407 443 2482 gaudet
456 2406 552 2480 equis;
573 2424 626 2463 ovo
639 2415 795 2481 prognatus
808 2407 920 2480 ecdem,

221 2487 346 2562 Pugnis:
367 2496 436 2560 quot
448 2484 574 2560 capitum
587 2485 695 2556 vivunt,
709 2484 827 2542 totidem
842 2486 998 2544 studiorum

221 2565 322 2623 Miiiin.
358 2561 408 2622 Me
421 2564 542 2640 pedibus
555 2562 678 2621 deiectat
691 2564 825 2622 claudere
839 2565 934 2640 verbs,

221 2643 316 2702 Lucili
329 2645 395 2715 ritu,
411 2642 541 2701 nostrfim
556 2643 681 2704 melioris
695 2654 822 2719 utroque.

220 2723 273 2781 Ille
287 2723 363 2780 velut
376 2723 442 2778 fidis.
453 2741 558 2780 arcana
571 2723 714 2780 sodalibus
726 2723 794 2780 oiirn
1130 2729 1170 2786 80

220 2803 364 2859 Credebat
377 2801 471 2868 iibris;
492 2818 594 2874 neque,
609 2801 635 2856 si
646 2799 724 2858 meld
737 2813 870 2874 cesserat,
885 2819 1004 2878 usquam
1122 2795 1127 2806 “

220 2879 386 2938 Decurrens
399 2876 465 2948 alib,
479 2895 572 2950 neque
588 2879 612 2932 si
626 2879 716 2934 bene:
737 2896 796 2952 quo
807 2879 839 2936 fit
851 2891 883 2938 ut
895 2883 989 2938 omnis

221 2957 323 3016 Votivri
337 2965 431 3031 pateat
444 2955 531 3010 veluti
544 2955 686 3030 descripta
699 2957 802 3013 tabelli

220 3038 289 3095 Vita
303 3035 387 3092 senis.
423 3033 533 3107 Sequor
547 3033 635 3104 hunc,
650 3033 784 3090 Lucanus
798 3054 835 3092 an
850 3037 991 3114 Appulus,
1006 3057 1129 3117 anceps:

204 3116 297 3188 ¹Nam
311 3112 477 3171 Venusinus
491 3122 553 3168 arat
564 3110 652 3169 finem
666 3112 719 3166 sub
732 3123 883 3188 utrumque
896 3117 1024 3188 colonus,
1130 3119 1169 3176 35

220 3195 327 3253 Missus
341 3193 378 3252 ad
393 3193 456 3263 hoc,
469 3190 570 3266 pulsis,
585 3199 665 3246 vetus
678 3199 721 3246 est
735 3201 766 3247 ut
779 3191 863 3264 fama,
876 3194 1010 3266 Sabellis,

218 3273 289 3337 Qut
304 3293 340 3332 ne
354 3287 540 3348 pervacuum
554 3269 688 3326 Romano
701 3269 858 3329 incurreret
871 3273 975 3342 hostis3

221 3355 287 3411 Sive
300 3349 377 3428 qudd
392 3351 507 3427 Appula
519 3369 601 3428 gens,
616 3368 667 3406 seu
680 3347 757 3426 qudd
771 3350 901 3410 Lucania
915 3351 1022 3409 bellurn

220 3432 367 3490 Incuteret
380 3431 511 3489 violenta.
548 3430 606 3487 Sed
620 3429 667 3486 hic
681 3431 769 3506 stylus
783 3431 859 3488 haud
872 3441 950 3508 petet
963 3432 1037 3492 uitro

219 3511 393 3585 Quenquam
407 3511 596 3579 animantem
619 3521 648 3567 et
660 3529 706 3567 me
720 3510 805 3566 veluti
820 3511 960 3570 custodiet
972 3512 1049 3570 ensis
1127 3514 1167 3574 40

220 3589 334 3664 Virgini
347 3599 458 3657 tectus;
478 3609 563 3664 quern
577 3608 628 3646 cur
642 3589 811 3664 distringere
825 3608 921 3664 coner,

221 3665 317 3724 Tutus
330 3667 366 3722 ab
377 3667 485 3724 infestis
498 3668 674 3726 latronibus?
708 3667 736 3724 Ο
750 3679 830 3743 pater
843 3679 872 3727 et
884 3689 935 3728 rex

220 3743 342 3822 Jupiter,
358 3755 390 3802 ut
401 3757 498 3820 pereat
510 3747 634 3823 positum
646 3746 778 3823 rubigine
791 3749 889 3823 telum,

181 3884 183 3896 ,
220 3824 285 3884 Nec
298 3824 447 3901 quisquam
459 3837 561 3884 noceat
574 3826 678 3900 cupido
691 3826 761 3885 mihi
775 3829 869 3905 pacis!
904 3829 1029 3900 Atilia,
