2756 4366
550 348 750 399 CARMINUM
768 345 834 398 ΗΒ.
852 349 888 398 11.

383 492 529 550 Oblivioso
541 491 615 550 levia
622 491 750 552 Massico

384 570 500 632 ciboria
512 571 611 647 exple:
632 572 719 628 funde
733 570 888 648 capacibus

423 650 578 726 Unguenta
592 651 628 708 de
641 649 767 708 conchis.
798 649 876 711 Quis
890 649 946 706 udo

462 729 658 805 Deproperare
673 731 740 805 apio
750 747 869 788 coronas

384 807 508 869 Curatve
522 810 632 884 myrtol
651 827 737 884 quem
750 808 851 867 Venus
864 806 1000 866 arbitrum

385 885 471 944 Dicet
484 887 618 946 bibendil
648 885 717 946 Non
731 906 784 964 ego
795 882 894 954 sapida

418 963 591 1026 Bacchabor
605 965 730 1026 Edonis:
751 975 867 1042 recepto

391 1090 394 1096 ,
465 1041 559 1102 Dulce
574 1045 643 1138 milri
657 1046 749 1102 furere
762 1056 806 1102 est
819 1044 920 1102 amico.

641 1321 726 1414 ons
745 1353 798 1412 v1.

628 1478 821 1531 Ali'VALGmM.

260 1633 262 1638 ,
385 1593 457 1652 Nou
470 1611 581 1671 semper
595 1593 701 1651 imbres
714 1594 839 1653 nubibus
853 1594 979 1671 hispidos
993 1606 995 1617 ¹

385 1671 507 1731 Manent
519 1673 550 1731 irr
565 1691 656 1750 agros,
670 1683 720 1731 aut
732 1693 810 1731 mare
824 1673 962 1750 Caspium

339 1811 342 1817 ,
426 1752 540 1809 Vexent
553 1752 707 1825 inequales
716 1752 848 1826 procellae

466 1828 562 1902 Usque
574 1848 581 1897 ;
601 1847 658 1886 nec
668 1829 815 1885 Armeniis
828 1829 859 1884 in
872 1829 938 1900 oriS,

387 1904 492 1963 Amice
506 1906 601 1983 Valgi,
614 1917 668 1964 stat
681 1906 788 1982 glacies
801 1907 878 1964 iners

387 1982 504 2042 Menses
517 2004 568 2062 per
581 2004 699 2054 omnes;
721 1997 771 2044 aut
784 1985 976 2061 Aquilonibus

426 2063 575 2125 Queroeta
587 2065 714 2138 Gargani
727 2065 866 2134 laborant,
882 2085 884 2090 ·

466 2141 591 2204 Etsoliis
602 2143 754 2196 viduantur
766 2142 838 2196 orni.

386 2221 436 2278 Tu
450 2238 561 2294 semper
575 2237 660 2294 urges
673 2217 815 2274 flebilibus
828 2218 920 2276 modis

387 2298 502 2376 Mysten
518 2298 697 2373 ademptum:
718 2314 773 2354 neo
786 2297 838 2355 tibi
848 2298 977 2375 Vespero

427 2380 483 2436 Sur
503 2387 569 2434 ente
583 2377 729 2434 decedunt
742 2395 862 2449 amores,

499 2475 534 2513 ec
547 2455 677 2530 rapidum
688 2455 816 2530 fugiente
831 2455 936 2513 Solem.

396 2536 429 2593 At
442 2554 500 2594 non
514 2546 557 2592 ter
571 2553 630 2592 aevo
644 2534 760 2592 functus
773 2534 924 2592 amabilem

386 2615 509 2674 r'loravit
522 2633 622 2676 omnes
635 2614 822 2675 Antilochum
836 2634 925 2672 senex

427 2694 546 2752 Annos:
567 2712 623 2750 nec
636 2694 780 2770 impubem
794 2705 927 2770 parentes

467 2772 599 2844 Troilon,
614 2785 664 2829 aut
677 2772 808 2848 Phrygiae
822 2791 941 2843 sorores,

388 2848 507 2907 Flevdre
522 2869 641 2925 semper.
675 2849 784 2906 Desine
798 2850 925 2906 mollium

388 2927 522 2984 Tandem
536 2927 728 3002 querelarum:
749 2939 779 2986 et
791 2926 885 3004 potiris
898 2947 971 2988 nova

429 3003 587 3063 Cantemus
601 3007 726 3082 Augusti
740 3019 845 3085 tropaea

468 3085 600 3156 Caesaris,
614 3096 644 3142 et
656 3086 779 3160 rigidum
793 3085 949 3160 Niphaten,

388 3161 565 3238 Medumque
579 3161 696 3232 fiumen,
711 3163 844 3236 gentibus
858 3163 986 3219 additum
1050 3161 1051 3166 ’

389 3241 492 3314 Victis,
507 3241 631 3299 minores
642 3239 752 3298 volvere
766 3239 895 3311 vortices,

428 3321 563 3396 Intraque
576 3319 771 3397 presoriptum
785 3319 910 3378 Gelonos
1022 3331 1029 3368 ’-

467 3400 588 3479 Exiguis
601 3400 728 3478 equitare
741 3400 857 3478 campis.
