2756 4366
483 303 514 357 Q.
532 301 677 351 nondun
694 302 818 350 FLAcc1

314 448 382 507 Non
396 443 549 501 verberatae
563 444 703 519 grandine
716 444 823 513 vineae;

314 518 808 593 Fundusve'mendaxprborenuno
823 539 910 598 aquas

352 600 505 676 Culpante,
520 619 598 657 nunc
612 601 747 657 torrentia
761 619 844 676 agros

392 679 502 749 Sidera,
517 695 596 734 nunc
609 677 718 738 hiemes
731 677 850 752 iniquas.

313 757 469 814 Contracta
482 757 575 831 pisces
590 775 702 830 aequora
715 757 851 827 sentiunt,

313 834 405 892 Jactis
419 835 449 891 in
463 834 551 891 altum
565 835 704 891 molibus:
725 835 782 891 huc
796 833 930 909 frequens

353 913 502 969 Caementa
516 913 638 970 demittit
651 913 812 988 redemptor

393 990 468 1046 Cum
483 990 605 1061 famulis,
616 991 805 1064 dominusque
818 1000 900 1048 terrae
953 1027 958 1043 r

313 1067 507 1125 Fastidiosus:
529 1070 579 1124 sed
594 1068 695 1125 Timor
709 1078 738 1124 et
752 1066 841 1125 Minae

315 1146 464 1202 Scandunt
478 1143 580 1204 eddom
594 1143 650 1220 quo
665 1146 814 1215 dominus;
836 1164 928 1220 neque

354 1223 478 1279 Decedit
492 1224 577 1280 aeratai
591 1223 709 1294 triremi,
723 1233 752 1278 et

348 1302 350 1306 ’
392 1300 461 1357 Post
470 1300 594 1374 equitem
608 1299 688 1355 sedet
702 1311 762 1356 atra
775 1300 860 1357 Cura.

312 1373 403 1438 Quod
418 1377 441 1432 si
455 1377 597 1433 dolentem
611 1396 666 1433 nec
680 1376 820 1452 Phrygius
832 1377 913 1454 lapis,

313 1454 379 1512 Neo
391 1451 579 1529 purpurarum
593 1455 685 1511 sidere
699 1455 800 1512 clarior

352 1532 469 1588 Delenit
482 1552 560 1604 usus,
574 1551 629 1590 nec
643 1532 766 1590 Falerna

392 1611 477 1681 Vitis,
491 1611 746 1668 Achaemeniumve
760 1623 870 1669 costum
878 1631 887 1682 ;

313 1689 373 1746 Cur
387 1689 547 1745 invidendis
560 1689 688 1764 postibus
702 1699 731 1746 et
744 1708 816 1748 novo
910 1719 916 1726 ·

314 1767 443 1824 Sublime
457 1767 513 1822 ritu
526 1767 626 1824 moliar
640 1768 762 1824 atrinml
782 1790 785 1796 ’
875 1776 879 1784 ’

353 1845 414 1901 Cur
428 1845 500 1902 valle
513 1857 671 1921 permutem
686 1847 795 1903 Sabini

392 1921 513 1981 Divitias
525 1925 720 2000 operosioresl

578 2329 662 2387 ODE
683 2330 723 2389 ΙΙ.

313 2470 486 2527 Ancussnn
500 2467 593 2525 amice
607 2468 771 2544 pauperiem
785 2468 843 2545 pati

313 2546 461 2604 Robustus
475 2547 533 2603 acri
547 2547 648 2603 militis
662 2566 732 2622 puer

353 2625 528 2692 Condiscat3
549 2635 578 2681 et
591 2624 710 2681 Parthos
724 2625 834 2681 feroces

392 2702 484 2758 Vexet
497 2692 584 2776 eques
596 2703 768 2759 metuendus
782 2701 879 2759 hasti:

292 2835 296 2844 ,
313 2781 465 2856 Vitamque
479 2781 533 2835 sub
547 2781 611 2837 divo
624 2790 653 2837 et
666 2781 784 2855 trepidis
798 2791 864 2856 agat

314 2861 348 2915 ln
363 2859 455 2915 rebus.
490 2857 576 2914 Illum
590 2877 625 2914 ex
640 2859 781 2914 moenibus
795 2859 912 2916 hosticis

353 2937 486 2993 Matrona
500 2936 630 2993 bellantis
644 2937 755 3009 tyranni

392 3014 583 3089 Prospiciens‚
597 3026 626 3072 et
639 3015 736 3072 adulta
750 3015 837 3090 virgo,

315 3093 459 3168 Suspiret:
482 3092 606 3148 “Eheu!
627 3112 665 3149 ne
679 3093 758 3149 rudis
771 3094 919 3168 agminum

314 3173 443 3246 Sponsus
456 3169 579 3227 lacessat
592 3171 687 3245 regius
701 3189 832 3246 asperum

354 3248 451 3305 Tactu
464 3249 586 3319 leonem,
600 3267 685 3322 quern
699 3261 819 3307 cruenta

393 3326 447 3383 Per
461 3327 570 3383 medias
583 3328 656 3401 rapit
669 3328 710 3384 ira
724 3330 846 3385 caedes.''

270 3401 273 3406 ’
314 3403 407 3461 Dulce
422 3416 450 3462 et
464 3406 599 3462 decorum
613 3417 656 3462 est
669 3425 720 3480 pro
733 3407 824 3481 patriai
838 3408 926 3465 mori:

314 3481 394 3540 Mors
408 3495 437 3540 et
451 3484 582 3559 fugacem
597 3485 773 3559 persequitur
786 3485 889 3558 virum,

353 3560 418 3616 Nec
432 3563 522 3635 parcit
537 3563 658 3619 imbellis
669 3562 796 3637 juventas

394 3638 552 3712 Poplitibus
562 3641 695 3698 timidove
709 3651 796 3716 tergo.

313 3715 422 3785 Virtus,
436 3718 555 3790 repulsae
569 3721 666 3776 nescia
680 3719 809 3790 sordidae‚

280 3834 282 3838 .
315 3791 495 3850 Intaminatis
510 3797 598 3871 fulget
612 3799 782 3855 honoribus:
