2706 4362
537 339 568 398 Q.
586 338 732 390 HORA'l'll
750 337 874 390 FLACGI

573 558 777 620 EPISTOLA
792 559 831 618 X„

530 697 570 737 an
584 697 702 738 ruscum
715 697 870 738 mariun.

247 801 342 862 Usars
356 809 510 858 amatorem
521 797 652 860 Fuscum
666 797 774 854 salvere
785 797 919 874 jubemus

247 881 338 939 Ruris
350 889 508 948 amatores3
531 878 587 935 hac
601 877 631 934 in
645 895 676 934 re
691 876 802 934 sedicet
814 877 874 934 und

246 956 371 1018 Multum
385 957 544 1028 dissimiles,
559 957 595 1014 ad
609 965 713 1013 cetera
725 952 800 1031 pand
815 955 937 1030 gemelli.

245 1038 391 1096 Fraternis
404 1036 516 1107 animis,
530 1035 665 1110 quidquid
680 1045 766 1110 negat
779 1035 860 1106 alter,
870 1045 900 1094 et
910 1035 996 1094 alter:

245 1117 411 1175 Annuimus
423 1116 538 1191 pariter,
553 1114 639 1172 retuli
652 1114 768 1189 notique
781 1113 922 1184 columbi3
1175 1117 1196 1173 5

245 1195 295 1252 Tu
308 1196 408 1254 nidum
422 1213 525 1266 servas,
539 1213 593 1269 ego
607 1193 692 1250 laudo
705 1194 778 1258 ruris
791 1191 897 1250 amoeni

244 1273 344 1347 Rivos‚
359 1285 388 1331 et
401 1292 501 1331 musco
514 1272 675 1330 circumlita
688 1290 765 1343 saxa,
780 1288 944 1346 nemusque.

243 1353 325 1415 Quid
339 1353 463 1428 quaerisl
485 1353 556 1424 vivo,
570 1361 599 1408 et
612 1369 710 1426 regno,
724 1350 808 1408 simul
823 1351 876 1408 ista
889 1351 989 1426 reliqui

242 1431 320 1493 Quae
334 1451 383 1489 vos
396 1430 433 1487 ad
446 1430 550 1488 coelum
564 1429 670 1488 effertis
684 1448 797 1488 rumore
812 1431 953 1488 secundo:

244 1509 337 1586 thue
351 1510 505 1568 sacerdotis
518 1509 662 1584 fugitivus,
675 1507 733 1566 liba
746 1527 863 1579 recuso;

244 1587 322 1646 Pane
336 1608 416 1666 egeo,
428 1588 486 1664 jam
499 1587 613 1645 mellitis
626 1587 735 1664 potiore
748 1588 894 1664 placentis.

282 1668 386 1725 Vivere
400 1677 509 1725 naturae
523 1667 547 1724 si
561 1667 763 1725 convenienter
776 1678 895 1743 oportet,

245 1745 444 1822 Ponendaeqne
457 1748 542 1806 domo
555 1748 709 1822 querenda
721 1756 765 1804 est
778 1765 845 1804 area
856 1742 998 1823 primdm3

243 1826 393 1884 Novistine
407 1827 501 1884 locum
514 1827 652 1903 potiorem
665 1845 730 1884 rure
744 1825 850 1884 beutol

244 1904 296 1963 Est
310 1906 359 1962 ubi
372 1903 437 1981 pllrs
450 1917 565 1982 tepeant
578 1906 708 1964 hiemesl
728 1906 777 1962 ubi
790 1904 895 1981 gratior
909 1922 977 1963 aura
1153 1905 1194 1963 15

243 1983 347 2042 Leniat
360 1995 389 2041 et
404 1985 511 2041 rabiem
525 1985 626 2056 Canis,
637 1995 666 2043 et
680 1995 822 2042 momenta
837 1984 953 2055 honis,

242 2063 342 2123 Quum
358 2063 445 2120 semel
460 2064 571 2138 accepit
585 2064 672 2121 solem
686 2063 855 2120 furibundus
868 2061 1007 2120 acutuml

243 2139 295 2198 Est
308 2142 357 2198 ubi
370 2142 483 2212 divellat
497 2160 610 2200 somnos
623 2139 719 2198 mimis
732 2143 827 2198 invida
841 2161 909 2198 cura
920 2143 932 2198 l

243 2217 377 2276 Deterids
391 2219 506 2293 Libycis
515 2219 573 2275 olet
587 2231 636 2276 aut
649 2220 720 2276 nitet
734 2219 822 2276 herba
834 2219 959 2294 lapillisl
1083 2277 1085 2281 ,

242 2297 342 2354 Purior
357 2297 387 2353 in
401 2296 470 2353 vicis
484 2316 556 2372 aqua
566 2298 657 2354 tendit
670 2316 801 2373 rumpere
814 2296 972 2373 plumbum,
1148 2299 1191 2357 2⁰

240 2372 340 2436 (dudm
354 2394 417 2450 quae
430 2395 480 2452 per
493 2394 614 2452 pronum
628 2376 749 2452 trepidat
758 2395 825 2434 cum
840 2395 983 2434 murmure
997 2377 1108 2436 rivuml

241 2453 353 2530 Nempe
369 2455 441 2513 inter
455 2455 547 2513 varias
561 2456 683 2513 nutritur
697 2457 766 2514 silva
780 2456 937 2529 columnas,

241 2532 440 2609 Laudaturque
455 2536 556 2591 domus
567 2536 666 2612 longos
679 2555 742 2611 quae
755 2535 890 2612 prospicit
900 2555 989 2612 agros.

240 2611 381 2668 Naturam
392 2613 516 2688 expelles
530 2614 620 2685 firrcd,
635 2625 730 2671 tamen
744 2633 833 2688 usque
846 2625 982 2688 recurret,

240 2690 277 2748 Et
291 2691 365 2748 mala
377 2702 540 2768 perrumpet
553 2692 648 2750 furtim
664 2693 775 2750 fastidia
788 2692 896 2750 victrix.
1145 2693 1186 2752 25

279 2768 358 2842 Non,
372 2771 420 2846 qui
434 2769 554 2829 Siddnio
567 2773 739 2830 contendere
753 2772 873 2830 callidus
886 2783 962 2830 ostro

118 2915 127 2932 ,
239 2849 340 2907 Nescit
354 2850 527 2924 Aquinatem
541 2851 667 2926 potantia
680 2851 782 2908 vellera
796 2851 902 2923 sucum,

239 2929 352 2987 Certius
363 2930 484 3004 accipiet
497 2931 633 2987 damnum
644 2930 794 3006 propiusve
809 2929 948 3002 medullis,

236 3006 336 3069 Quam
351 3009 470 3083 quinon
484 3009 586 3084 poterit
601 3027 666 3066 vero
676 3009 850 3084 distinguere
865 3009 974 3065 salsum.

236 3085 334 3148 Quem
348 3106 394 3145 res
406 3085 471 3162 plds
485 3087 574 3146 nimio
587 3086 764 3146 delectavere
775 3089 919 3159 secundae,
1145 3085 1181 3144 ΒΓ

237 3164 356 3224 Mutatae
369 3168 505 3240 quatient.
548 3167 579 3223 Si
593 3165 661 3241 quid
676 3167 823 3239 mirabere,
839 3185 928 3243 pones

237 3243 354 3302 Invitus.
397 3244 478 3321 Fuge
492 3265 610 3322 magna3
632 3244 700 3302 licet
710 3247 763 3302 sub
775 3265 898 3322 paupere
912 3256 987 3302 tecto

237 3321 335 3399 Reges
349 3333 378 3380 et
391 3343 490 3400 regum
504 3325 561 3381 vita
575 3343 746 3399 praecurrere
761 3325 875 3382 amicos.

275 3400 384 3458 Cervus
397 3421 501 3476 equum
516 3402 613 3478 pugnis
627 3403 725 3460 melior
738 3403 936 3461 communibus
950 3402 1045 3460 herbis

235 3476 372 3552 Pellebat,
386 3475 584 3539 donec'minor
598 3481 893 3559 inloertaminelongo
1142 3481 1183 3538 35

236 3553 398 3631 Imploravit
410 3579 478 3636 opes
491 3560 624 3632 hominis,
639 3561 812 3637 sraenumque
827 3561 933 3636 recepit
946 3578 952 3616 ε

237 3634 304 3702 Sed,
318 3647 465 3709 postquam
480 3639 568 3695 victor
581 3640 689 3696 violens
702 3640 831 3697 discessit
844 3639 881 3696 ab
894 3640 984 3711 hoste,

236 3709 304 3796 Non
318 3713 441 3783 equitem
455 3714 547 3786 dorso,
561 3735 618 3773 non
634 3718 751 3773 fraennm
766 3717 874 3792 depulit
886 3737 943 3775 ore.

235 3786 287 3872 Src
299 3787 357 3857 qui,
371 3792 534 3860 pauperiem
548 3795 662 3864 veritus,
675 3796 783 3871 potiore
797 3795 917 3851 metallis

235 3860 378 3918 Libertate
392 3875 479 3935 caret,
493 3869 640 3926 dominum
656 3875 737 3929 vehet
751 3872 903 3946 improbus,
918 3883 999 3947 atque
1141 3873 1182 3930 to
