<?xml version="1.0" encoding="UTF-8"?>
<!DOCTYPE html PUBLIC "-//W3C//DTD XHTML 1.0 Transitional//EN"
    "http://www.w3.org/TR/xhtml1/DTD/xhtml1-transitional.dtd">
<html xmlns="http://www.w3.org/1999/xhtml" xml:lang="en" lang="en">
 <head>
  <title>
</title>
<meta http-equiv="Content-Type" content="text/html;charset=utf-8" />
  <meta name='ocr-system' content='tesseract 3.04.00' />
  <meta name='ocr-capabilities' content='ocr_page ocr_carea ocr_par ocr_line ocrx_word'/>
</head>
<body>
  <div class='ocr_page' id='page_1' title='image "./operaacceduntcl00horagoog_0038.png"; bbox 0 0 2756 4366; ppageno 0'>
   <div class='ocr_carea' id='block_1_1' title="bbox 541 349 878 402">
    <p class='ocr_par' dir='ltr' id='par_1_1' title="bbox 541 349 878 402">
     <span class='ocr_line' id='line_1_1' title="bbox 541 349 878 402; baseline -0.003 -2"><span class='ocrx_word' id='word_1_1' title='bbox 541 351 740 402; x_wconf 78' lang='lat' dir='ltr'>CARMINUM</span> <span class='ocrx_word' id='word_1_2' title='bbox 758 349 823 400; x_wconf 79' lang='lat' dir='ltr'>mu.</span> <span class='ocrx_word' id='word_1_3' title='bbox 842 349 878 400; x_wconf 91' lang='lat'>11.</span> 
     </span>
    </p>
   </div>
   <div class='ocr_carea' id='block_1_2' title="bbox 586 568 833 749">
    <p class='ocr_par' dir='ltr' id='par_1_2' title="bbox 586 568 833 749">
     <span class='ocr_line' id='line_1_2' title="bbox 633 568 787 631; baseline -0.019 0"><span class='ocrx_word' id='word_1_4' title='bbox 633 572 718 631; x_wconf 85' lang='lat' dir='ltr'>ODE</span> <span class='ocrx_word' id='word_1_5' title='bbox 731 568 787 630; x_wconf 83' lang='lat' dir='ltr'>XI.</span> 
     </span>
     <span class='ocr_line' id='line_1_3' title="bbox 586 705 833 749; baseline -0.004 -1"><span class='ocrx_word' id='word_1_6' title='bbox 586 705 626 748; x_wconf 73' lang='lat' dir='ltr'>sn</span> <span class='ocrx_word' id='word_1_7' title='bbox 639 707 833 749; x_wconf 75' lang='lat' dir='ltr'>eosnnunuu.</span> 
     </span>
    </p>
   </div>
   <div class='ocr_carea' id='block_1_3' title="bbox 372 807 986 1748">
    <p class='ocr_par' dir='ltr' id='par_1_3' title="bbox 372 807 986 1748">
     <span class='ocr_line' id='line_1_4' title="bbox 374 807 986 887; baseline -0.005 -18"><span class='ocrx_word' id='word_1_8' title='bbox 374 807 479 869; x_wconf 79' lang='lat' dir='ltr'>Eunu!</span> <span class='ocrx_word' id='word_1_9' title='bbox 501 809 628 887; x_wconf 76' lang='lat' dir='ltr'><strong>fugaces,</strong></span> <span class='ocrx_word' id='word_1_10' title='bbox 641 808 808 880; x_wconf 86' lang='lat' dir='ltr'>Posthume,</span> <span class='ocrx_word' id='word_1_11' title='bbox 821 807 986 881; x_wconf 71' lang='lat' dir='ltr'>posthume,</span> 
     </span>
     <span class='ocr_line' id='line_1_5' title="bbox 375 887 928 962; baseline -0.004 -16"><span class='ocrx_word' id='word_1_12' title='bbox 375 887 523 947; x_wconf 77' lang='lat' dir='ltr'>Labuntur</span> <span class='ocrx_word' id='word_1_13' title='bbox 537 889 622 946; x_wconf 79' lang='lat' dir='ltr'>unni:</span> <span class='ocrx_word' id='word_1_14' title='bbox 643 891 699 945; x_wconf 84' lang='lat' dir='ltr'>neo</span> <span class='ocrx_word' id='word_1_15' title='bbox 712 887 802 962; x_wconf 78' lang='lat' dir='ltr'>pietus</span> <span class='ocrx_word' id='word_1_16' title='bbox 820 905 928 945; x_wconf 80' lang='lat' dir='ltr'>moram</span> 
     </span>
     <span class='ocr_line' id='line_1_6' title="bbox 414 967 819 1044; baseline -0.002 -20"><span class='ocrx_word' id='word_1_17' title='bbox 414 967 511 1044; x_wconf 83' lang='lat' dir='ltr'><strong>Rugis</strong></span> <span class='ocrx_word' id='word_1_18' title='bbox 524 977 553 1024; x_wconf 87' lang='lat' dir='ltr'>et</span> <span class='ocrx_word' id='word_1_19' title='bbox 566 967 683 1024; x_wconf 76' lang='lat' dir='ltr'>instanti</span> <span class='ocrx_word' id='word_1_20' title='bbox 696 977 819 1024; x_wconf 82' lang='lat' dir='ltr'>seneotae</span> 
     </span>
     <span class='ocr_line' id='line_1_7' title="bbox 455 1044 888 1120; baseline 0 -18"><span class='ocrx_word' id='word_1_21' title='bbox 455 1044 576 1117; x_wconf 82' lang='lat' dir='ltr'>Afferet,</span> <span class='ocrx_word' id='word_1_22' title='bbox 587 1045 786 1120; x_wconf 75' lang='lat' dir='ltr'>indomitaeque</span> <span class='ocrx_word' id='word_1_23' title='bbox 797 1045 888 1102; x_wconf 86' lang='lat' dir='ltr'>morti.</span> 
     </span>
     <span class='ocr_line' id='line_1_8' title="bbox 374 1121 948 1198; baseline -0.003 -17"><span class='ocrx_word' id='word_1_24' title='bbox 374 1121 455 1196; x_wconf 87' lang='lat' dir='ltr'>Non,</span> <span class='ocrx_word' id='word_1_25' title='bbox 468 1123 492 1180; x_wconf 88' lang='lat' dir='ltr'>si</span> <span class='ocrx_word' id='word_1_26' title='bbox 506 1125 778 1198; x_wconf 86' lang='lat' dir='ltr'>trecenis,quotquot</span> <span class='ocrx_word' id='word_1_27' title='bbox 795 1133 864 1192; x_wconf 85' lang='lat' dir='ltr'>eunt</span> <span class='ocrx_word' id='word_1_28' title='bbox 877 1122 948 1194; x_wconf 88' lang='lat' dir='ltr'>dies,</span> 
     </span>
     <span class='ocr_line' id='line_1_9' title="bbox 374 1199 853 1276; baseline 0 -16"><span class='ocrx_word' id='word_1_29' title='bbox 374 1203 489 1274; x_wconf 85' lang='lat' dir='ltr'><strong>Amice,</strong></span> <span class='ocrx_word' id='word_1_30' title='bbox 502 1201 604 1276; x_wconf 57' lang='lat' dir='ltr'>places,</span> <span class='ocrx_word' id='word_1_31' title='bbox 612 1199 853 1275; x_wconf 77' lang='lat' dir='ltr'>illacrymabilem¹</span> 
     </span>
     <span class='ocr_line' id='line_1_10' title="bbox 414 1278 922 1354; baseline -0.004 -16"><span class='ocrx_word' id='word_1_32' title='bbox 414 1281 537 1338; x_wconf 77' lang='lat' dir='ltr'>Plutone</span> <span class='ocrx_word' id='word_1_33' title='bbox 549 1280 656 1348; x_wconf 83' lang='lat' dir='ltr'>teuris;</span> <span class='ocrx_word' id='word_1_34' title='bbox 677 1279 726 1354; x_wconf 90' lang='lat' dir='ltr'>qui</span> <span class='ocrx_word' id='word_1_35' title='bbox 740 1289 783 1336; x_wconf 88' lang='lat' dir='ltr'>ter</span> <span class='ocrx_word' id='word_1_36' title='bbox 797 1278 922 1354; x_wconf 80' lang='lat' dir='ltr'><strong>amplum</strong></span> 
     </span>
     <span class='ocr_line' id='line_1_11' title="bbox 452 1357 868 1433; baseline -0.007 -16"><span class='ocrx_word' id='word_1_37' title='bbox 452 1358 605 1433; x_wconf 82' lang='lat' dir='ltr'>Geryonen</span> <span class='ocrx_word' id='word_1_38' title='bbox 619 1357 783 1433; x_wconf 83' lang='lat' dir='ltr'><strong>Tityonque</strong></span> <span class='ocrx_word' id='word_1_39' title='bbox 796 1358 868 1415; x_wconf 87' lang='lat' dir='ltr'>tristi</span> 
     </span>
     <span class='ocr_line' id='line_1_12' title="bbox 374 1436 920 1514; baseline -0.011 -16"><span class='ocrx_word' id='word_1_40' title='bbox 374 1437 539 1514; x_wconf 76' lang='lat' dir='ltr'>compescit</span> <span class='ocrx_word' id='word_1_41' title='bbox 551 1436 640 1509; x_wconf 77' lang='lat' dir='ltr'>undu,</span> <span class='ocrx_word' id='word_1_42' title='bbox 654 1437 765 1494; x_wconf 85' lang='lat' dir='ltr'><strong>scilicet</strong></span> <span class='ocrx_word' id='word_1_43' title='bbox 776 1437 920 1512; x_wconf 82' lang='lat' dir='ltr'>omnibus,</span> 
     </span>
     <span class='ocr_line' id='line_1_13' title="bbox 372 1515 942 1592; baseline -0.009 -13"><span class='ocrx_word' id='word_1_44' title='bbox 372 1516 549 1592; x_wconf 79' lang='lat' dir='ltr'><strong>Quicunque</strong></span> <span class='ocrx_word' id='word_1_45' title='bbox 562 1526 645 1573; x_wconf 79' lang='lat' dir='ltr'>terrae</span> <span class='ocrx_word' id='word_1_46' title='bbox 658 1532 779 1588; x_wconf 81' lang='lat' dir='ltr'>munere</span> <span class='ocrx_word' id='word_1_47' title='bbox 791 1515 942 1586; x_wconf 79' lang='lat' dir='ltr'><strong>vescimur,</strong></span> 
     </span>
     <span class='ocr_line' id='line_1_14' title="bbox 413 1595 789 1670; baseline -0.003 -18"><span class='ocrx_word' id='word_1_48' title='bbox 413 1595 611 1670; x_wconf 76' lang='lat' dir='ltr'>Enevigendti,</span> <span class='ocrx_word' id='word_1_49' title='bbox 625 1595 684 1652; x_wconf 87' lang='lat' dir='ltr'>sive</span> <span class='ocrx_word' id='word_1_50' title='bbox 698 1613 789 1670; x_wconf 89' lang='lat' dir='ltr'>reges,</span> 
     </span>
     <span class='ocr_line' id='line_1_15' title="bbox 455 1669 926 1748; baseline 0 -18"><span class='ocrx_word' id='word_1_51' title='bbox 455 1674 522 1730; x_wconf 77' lang='lat' dir='ltr'>Siue</span> <span class='ocrx_word' id='word_1_52' title='bbox 536 1673 635 1748; x_wconf 84' lang='lat' dir='ltr'>inopes</span> <span class='ocrx_word' id='word_1_53' title='bbox 648 1673 755 1730; x_wconf 90' lang='lat' dir='ltr'>erimus</span> <span class='ocrx_word' id='word_1_54' title='bbox 768 1672 869 1730; x_wconf 87' lang='lat' dir='ltr'>coloni.</span> <span class='ocrx_word' id='word_1_55' title='bbox 923 1669 926 1678; x_wconf 55' lang='lat'><strong><em>⁴</em></strong></span> 
     </span>
    </p>
   </div>
   <div class='ocr_carea' id='block_1_4' title="bbox 282 1748 1028 1831">
    <p class='ocr_par' dir='ltr' id='par_1_4' title="bbox 282 1748 1028 1831">
     <span class='ocr_line' id='line_1_16' title="bbox 282 1748 1028 1831; baseline -0.001 -21"><span class='ocrx_word' id='word_1_56' title='bbox 282 1818 297 1831; x_wconf 27' lang='grc' dir='ltr'><em>κ</em></span> <span class='ocrx_word' id='word_1_57' title='bbox 375 1748 496 1810; x_wconf 66' lang='lat' dir='ltr'>Frustre</span> <span class='ocrx_word' id='word_1_58' title='bbox 509 1761 629 1811; x_wconf 87' lang='lat' dir='ltr'>cruento</span> <span class='ocrx_word' id='word_1_59' title='bbox 643 1749 736 1808; x_wconf 81' lang='lat' dir='ltr'>Marte</span> <span class='ocrx_word' id='word_1_60' title='bbox 752 1751 922 1824; x_wconf 84' lang='lat' dir='ltr'>carebimus,</span> <span class='ocrx_word' id='word_1_61' title='bbox 1025 1783 1028 1790; x_wconf 90' lang='lat'><em>·</em></span> 
     </span>
    </p>
   </div>
   <div class='ocr_carea' id='block_1_5' title="bbox 374 1826 1014 3007">
    <p class='ocr_par' dir='ltr' id='par_1_5' title="bbox 375 1826 930 1982">
     <span class='ocr_line' id='line_1_17' title="bbox 375 1826 930 1903; baseline -0.005 -16"><span class='ocrx_word' id='word_1_62' title='bbox 375 1828 542 1903; x_wconf 85' lang='lat' dir='ltr'>Freotisque</span> <span class='ocrx_word' id='word_1_63' title='bbox 556 1827 636 1884; x_wconf 83' lang='lat' dir='ltr'>rauci</span> <span class='ocrx_word' id='word_1_64' title='bbox 650 1826 783 1884; x_wconf 87' lang='lat' dir='ltr'>fluctibus</span> <span class='ocrx_word' id='word_1_65' title='bbox 796 1827 930 1899; x_wconf 79' lang='lat' dir='ltr'>Hadriae3</span> 
     </span>
     <span class='ocr_line' id='line_1_18' title="bbox 416 1903 930 1982; baseline -0.004 -16"><span class='ocrx_word' id='word_1_66' title='bbox 416 1903 535 1966; x_wconf 68' lang='lat' dir='ltr'>Frustra</span> <span class='ocrx_word' id='word_1_67' title='bbox 548 1925 598 1982; x_wconf 89' lang='lat' dir='ltr'>per</span> <span class='ocrx_word' id='word_1_68' title='bbox 612 1915 763 1968; x_wconf 81' lang='lat' dir='ltr'>autumnos</span> <span class='ocrx_word' id='word_1_69' title='bbox 777 1917 930 1964; x_wconf 84' lang='lat' dir='ltr'>nocentem</span> 
     </span>
    </p>

    <p class='ocr_par' dir='ltr' id='par_1_6' title="bbox 375 1985 961 2220">
     <span class='ocr_line' id='line_1_19' title="bbox 455 1985 961 2061; baseline 0.006 -17"><span class='ocrx_word' id='word_1_70' title='bbox 455 1985 628 2061; x_wconf 83' lang='lat' dir='ltr'>Corporibus</span> <span class='ocrx_word' id='word_1_71' title='bbox 640 1996 800 2042; x_wconf 85' lang='lat' dir='ltr'>metuemus</span> <span class='ocrx_word' id='word_1_72' title='bbox 814 1985 961 2047; x_wconf 79' lang='lat' dir='ltr'>Austrum.</span> 
     </span>
     <span class='ocr_line' id='line_1_20' title="bbox 375 2063 874 2140; baseline -0.004 -15"><span class='ocrx_word' id='word_1_73' title='bbox 375 2065 521 2125; x_wconf 84' lang='lat' dir='ltr'>Visendus</span> <span class='ocrx_word' id='word_1_74' title='bbox 535 2075 594 2122; x_wconf 81' lang='lat' dir='ltr'>ster</span> <span class='ocrx_word' id='word_1_75' title='bbox 608 2063 725 2122; x_wconf 87' lang='lat' dir='ltr'>flumine</span> <span class='ocrx_word' id='word_1_76' title='bbox 738 2063 874 2140; x_wconf 81' lang='lat' dir='ltr'>languido</span> 
     </span>
     <span class='ocr_line' id='line_1_21' title="bbox 375 2142 881 2220; baseline -0.006 -16"><span class='ocrx_word' id='word_1_77' title='bbox 375 2144 501 2220; x_wconf 80' lang='lat' dir='ltr'>Cocytus</span> <span class='ocrx_word' id='word_1_78' title='bbox 514 2162 622 2215; x_wconf 80' lang='lat' dir='ltr'>errans,</span> <span class='ocrx_word' id='word_1_79' title='bbox 636 2153 665 2200; x_wconf 89' lang='lat' dir='ltr'>et</span> <span class='ocrx_word' id='word_1_80' title='bbox 678 2142 774 2200; x_wconf 81' lang='lat' dir='ltr'>Danai</span> <span class='ocrx_word' id='word_1_81' title='bbox 786 2159 881 2218; x_wconf 86' lang='lat' dir='ltr'>genus</span> 
     </span>
    </p>

    <p class='ocr_par' dir='ltr' id='par_1_7' title="bbox 416 2223 849 2298">
     <span class='ocr_line' id='line_1_22' title="bbox 416 2223 849 2298; baseline -0.002 -17"><span class='ocrx_word' id='word_1_82' title='bbox 416 2223 537 2295; x_wconf 77' lang='lat' dir='ltr'>hieme,</span> <span class='ocrx_word' id='word_1_83' title='bbox 552 2223 758 2297; x_wconf 78' lang='lat' dir='ltr'>damnatusque</span> <span class='ocrx_word' id='word_1_84' title='bbox 771 2223 849 2298; x_wconf 85' lang='lat' dir='ltr'>longi</span> 
     </span>
    </p>

    <p class='ocr_par' dir='ltr' id='par_1_8' title="bbox 374 2300 1014 2535">
     <span class='ocr_line' id='line_1_23' title="bbox 454 2300 861 2378; baseline 0.002 -19"><span class='ocrx_word' id='word_1_85' title='bbox 454 2302 592 2378; x_wconf 87' lang='lat' dir='ltr'>Sisyphus</span> <span class='ocrx_word' id='word_1_86' title='bbox 606 2300 737 2364; x_wconf 79' lang='lat' dir='ltr'>AEolides¹</span> <span class='ocrx_word' id='word_1_87' title='bbox 748 2302 861 2360; x_wconf 85' lang='lat' dir='ltr'>laboris.</span> 
     </span>
     <span class='ocr_line' id='line_1_24' title="bbox 374 2381 990 2458; baseline 0.005 -19"><span class='ocrx_word' id='word_1_88' title='bbox 374 2381 544 2458; x_wconf 82' lang='lat' dir='ltr'>Linqueude</span> <span class='ocrx_word' id='word_1_89' title='bbox 557 2381 650 2452; x_wconf 84' lang='lat' dir='ltr'>tellus,</span> <span class='ocrx_word' id='word_1_90' title='bbox 664 2391 694 2437; x_wconf 87' lang='lat' dir='ltr'>et</span> <span class='ocrx_word' id='word_1_91' title='bbox 707 2381 818 2452; x_wconf 89' lang='lat' dir='ltr'>domus,</span> <span class='ocrx_word' id='word_1_92' title='bbox 832 2391 861 2438; x_wconf 89' lang='lat' dir='ltr'>et</span> <span class='ocrx_word' id='word_1_93' title='bbox 874 2383 990 2457; x_wconf 82' lang='lat' dir='ltr'>placens</span> 
     </span>
     <span class='ocr_line' id='line_1_25' title="bbox 374 2459 1014 2535; baseline 0.005 -16"><span class='ocrx_word' id='word_1_94' title='bbox 374 2459 471 2519; x_wconf 83' lang='lat' dir='ltr'>Uxor:</span> <span class='ocrx_word' id='word_1_95' title='bbox 493 2477 586 2535; x_wconf 90' lang='lat' dir='ltr'>neque</span> <span class='ocrx_word' id='word_1_96' title='bbox 600 2459 701 2516; x_wconf 84' lang='lat' dir='ltr'>harum</span> <span class='ocrx_word' id='word_1_97' title='bbox 714 2478 785 2534; x_wconf 82' lang='lat' dir='ltr'>quas</span> <span class='ocrx_word' id='word_1_98' title='bbox 798 2459 869 2516; x_wconf 86' lang='lat' dir='ltr'>oolis</span> <span class='ocrx_word' id='word_1_99' title='bbox 883 2462 1014 2522; x_wconf 84' lang='lat' dir='ltr'>arborum</span> 
     </span>
    </p>

    <p class='ocr_par' dir='ltr' id='par_1_9' title="bbox 413 2537 878 2616">
     <span class='ocr_line' id='line_1_26' title="bbox 413 2537 878 2616; baseline -0.002 -18"><span class='ocrx_word' id='word_1_100' title='bbox 413 2538 471 2610; x_wconf 86' lang='lat' dir='ltr'>Te,</span> <span class='ocrx_word' id='word_1_101' title='bbox 484 2549 586 2614; x_wconf 82' lang='lat' dir='ltr'>praeter</span> <span class='ocrx_word' id='word_1_102' title='bbox 599 2537 705 2596; x_wconf 84' lang='lat' dir='ltr'>invisas</span> <span class='ocrx_word' id='word_1_103' title='bbox 718 2557 878 2616; x_wconf 85' lang='lat' dir='ltr'>cupressos,</span> 
     </span>
    </p>

    <p class='ocr_par' dir='ltr' id='par_1_10' title="bbox 374 2617 959 2845">
     <span class='ocr_line' id='line_1_27' title="bbox 453 2617 959 2694; baseline 0.008 -18"><span class='ocrx_word' id='word_1_104' title='bbox 453 2617 518 2676; x_wconf 82' lang='lat' dir='ltr'>Ulle</span> <span class='ocrx_word' id='word_1_105' title='bbox 533 2617 644 2676; x_wconf 87' lang='lat' dir='ltr'>brevem</span> <span class='ocrx_word' id='word_1_106' title='bbox 658 2617 804 2676; x_wconf 90' lang='lat' dir='ltr'>dominum</span> <span class='ocrx_word' id='word_1_107' title='bbox 818 2631 959 2694; x_wconf 89' lang='lat' dir='ltr'>sequetur.</span> 
     </span>
     <span class='ocr_line' id='line_1_28' title="bbox 374 2696 888 2772; baseline 0.002 -17"><span class='ocrx_word' id='word_1_108' title='bbox 374 2698 517 2756; x_wconf 89' lang='lat' dir='ltr'>Absumet</span> <span class='ocrx_word' id='word_1_109' title='bbox 530 2698 620 2755; x_wconf 83' lang='lat' dir='ltr'>haeres</span> <span class='ocrx_word' id='word_1_110' title='bbox 634 2696 760 2754; x_wconf 73' lang='lat' dir='ltr'><strong>Cecuba</strong></span> <span class='ocrx_word' id='word_1_111' title='bbox 776 2698 888 2772; x_wconf 84' lang='lat' dir='ltr'>dignior</span> 
     </span>
     <span class='ocr_line' id='line_1_29' title="bbox 376 2775 920 2845; baseline 0.004 -12"><span class='ocrx_word' id='word_1_112' title='bbox 376 2775 494 2834; x_wconf 78' lang='lat' dir='ltr'>Servate</span> <span class='ocrx_word' id='word_1_113' title='bbox 506 2787 624 2834; x_wconf 84' lang='lat' dir='ltr'>centum</span> <span class='ocrx_word' id='word_1_114' title='bbox 638 2776 764 2834; x_wconf 78' lang='lat' dir='ltr'><strong>clavibus</strong></span> <span class='ocrx_word' id='word_1_115' title='bbox 771 2796 779 2845; x_wconf 89' lang='lat'>;</span> <span class='ocrx_word' id='word_1_116' title='bbox 800 2787 830 2833; x_wconf 90' lang='lat' dir='ltr'>et</span> <span class='ocrx_word' id='word_1_117' title='bbox 842 2794 920 2835; x_wconf 88' lang='lat' dir='ltr'>mero</span> 
     </span>
    </p>

    <p class='ocr_par' dir='ltr' id='par_1_11' title="bbox 416 2853 896 2928">
     <span class='ocr_line' id='line_1_30' title="bbox 416 2853 896 2928; baseline 0.002 -18"><span class='ocrx_word' id='word_1_118' title='bbox 416 2853 525 2928; x_wconf 82' lang='lat' dir='ltr'>Tinget</span> <span class='ocrx_word' id='word_1_119' title='bbox 537 2855 729 2928; x_wconf 80' lang='lat' dir='ltr'>pavimentum</span> <span class='ocrx_word' id='word_1_120' title='bbox 743 2853 896 2928; x_wconf 88' lang='lat' dir='ltr'>superbum</span> 
     </span>
    </p>

    <p class='ocr_par' dir='ltr' id='par_1_12' title="bbox 455 2930 857 3007">
     <span class='ocr_line' id='line_1_31' title="bbox 455 2930 857 3007; baseline 0.007 -20"><span class='ocrx_word' id='word_1_121' title='bbox 455 2930 626 2989; x_wconf 82' lang='lat' dir='ltr'>Pontificum</span> <span class='ocrx_word' id='word_1_122' title='bbox 639 2931 745 3007; x_wconf 90' lang='lat' dir='ltr'>potiore</span> <span class='ocrx_word' id='word_1_123' title='bbox 759 2932 857 2991; x_wconf 75' lang='lat' dir='ltr'>coenis.</span> 
     </span>
    </p>
   </div>
   <div class='ocr_carea' id='block_1_6' title="bbox 628 3243 796 3302">
    <p class='ocr_par' dir='ltr' id='par_1_13' title="bbox 628 3243 796 3302">
     <span class='ocr_line' id='line_1_32' title="bbox 628 3243 796 3302; baseline 0 -1"><span class='ocrx_word' id='word_1_124' title='bbox 628 3243 712 3301; x_wconf 86' lang='lat' dir='ltr'>ODE</span> <span class='ocrx_word' id='word_1_125' title='bbox 725 3244 796 3302; x_wconf 85' lang='lat' dir='ltr'>XII.</span> 
     </span>
    </p>
   </div>
   <div class='ocr_carea' id='block_1_7' title="bbox 502 3381 923 3424">
    <p class='ocr_par' dir='ltr' id='par_1_14' title="bbox 502 3381 923 3424">
     <span class='ocr_line' id='line_1_33' title="bbox 502 3381 923 3424; baseline 0 -2"><span class='ocrx_word' id='word_1_126' title='bbox 502 3381 536 3422; x_wconf 85' lang='lat' dir='ltr'>IN</span> <span class='ocrx_word' id='word_1_127' title='bbox 557 3382 604 3424; x_wconf 77' lang='lat' dir='ltr'>sul</span> <span class='ocrx_word' id='word_1_128' title='bbox 625 3381 737 3424; x_wconf 67' lang='lat' dir='ltr'><strong>sucum</strong></span> <span class='ocrx_word' id='word_1_129' title='bbox 758 3381 923 3423; x_wconf 71' lang='lat' dir='ltr'>Luxunlnm.</span> 
     </span>
    </p>
   </div>
   <div class='ocr_carea' id='block_1_8' title="bbox 377 3483 986 3954">
    <p class='ocr_par' dir='ltr' id='par_1_15' title="bbox 377 3483 986 3954">
     <span class='ocr_line' id='line_1_34' title="bbox 377 3483 869 3561; baseline -0.004 -19"><span class='ocrx_word' id='word_1_130' title='bbox 377 3483 442 3543; x_wconf 75' lang='lat' dir='ltr'>Jun</span> <span class='ocrx_word' id='word_1_131' title='bbox 460 3503 553 3561; x_wconf 79' lang='lat' dir='ltr'>peuce</span> <span class='ocrx_word' id='word_1_132' title='bbox 566 3495 659 3542; x_wconf 81' lang='lat' dir='ltr'>uretro</span> <span class='ocrx_word' id='word_1_133' title='bbox 669 3485 770 3560; x_wconf 82' lang='lat' dir='ltr'>jugera</span> <span class='ocrx_word' id='word_1_134' title='bbox 783 3485 869 3559; x_wconf 77' lang='lat' dir='ltr'>regie</span> 
     </span>
     <span class='ocr_line' id='line_1_35' title="bbox 377 3561 905 3638; baseline 0 -18"><span class='ocrx_word' id='word_1_135' title='bbox 377 3562 471 3622; x_wconf 90' lang='lat' dir='ltr'>Moles</span> <span class='ocrx_word' id='word_1_136' title='bbox 483 3563 660 3638; x_wconf 85' lang='lat' dir='ltr'>relinquent:</span> <span class='ocrx_word' id='word_1_137' title='bbox 681 3564 806 3637; x_wconf 82' lang='lat' dir='ltr'>undique</span> <span class='ocrx_word' id='word_1_138' title='bbox 820 3561 905 3622; x_wconf 78' lang='lat' dir='ltr'>letius</span> 
     </span>
     <span class='ocr_line' id='line_1_36' title="bbox 416 3640 975 3701; baseline -0.007 -1"><span class='ocrx_word' id='word_1_139' title='bbox 416 3642 541 3701; x_wconf 83' lang='lat' dir='ltr'>Extents</span> <span class='ocrx_word' id='word_1_140' title='bbox 553 3643 678 3701; x_wconf 85' lang='lat' dir='ltr'>visentur</span> <span class='ocrx_word' id='word_1_141' title='bbox 692 3640 819 3698; x_wconf 88' lang='lat' dir='ltr'>Lucrino</span> <span class='ocrx_word' id='word_1_142' title='bbox 970 3690 975 3696; x_wconf 93' lang='lat'>.</span> 
     </span>
     <span class='ocr_line' id='line_1_37' title="bbox 457 3719 986 3797; baseline 0.004 -19"><span class='ocrx_word' id='word_1_143' title='bbox 457 3721 567 3797; x_wconf 72' lang='lat' dir='ltr'>Stagna</span> <span class='ocrx_word' id='word_1_144' title='bbox 578 3721 660 3789; x_wconf 82' lang='lat' dir='ltr'><strong>lecu;</strong></span> <span class='ocrx_word' id='word_1_145' title='bbox 680 3719 867 3794; x_wconf 75' lang='lat' dir='ltr'>platanusque</span> <span class='ocrx_word' id='word_1_146' title='bbox 880 3721 986 3780; x_wconf 82' lang='lat' dir='ltr'>ocelebs</span> 
     </span>
     <span class='ocr_line' id='line_1_38' title="bbox 377 3797 871 3858; baseline 0.002 -2"><span class='ocrx_word' id='word_1_147' title='bbox 377 3797 500 3858; x_wconf 86' lang='lat' dir='ltr'>Evinoet</span> <span class='ocrx_word' id='word_1_148' title='bbox 512 3800 620 3858; x_wconf 90' lang='lat' dir='ltr'>ulmos:</span> <span class='ocrx_word' id='word_1_149' title='bbox 640 3809 701 3855; x_wconf 89' lang='lat' dir='ltr'>tum</span> <span class='ocrx_word' id='word_1_150' title='bbox 715 3798 830 3856; x_wconf 83' lang='lat' dir='ltr'>violaria</span> <span class='ocrx_word' id='word_1_151' title='bbox 842 3810 871 3857; x_wconf 92' lang='lat' dir='ltr'>et</span> 
     </span>
     <span class='ocr_line' id='line_1_39' title="bbox 379 3875 869 3954; baseline -0.004 -16"><span class='ocrx_word' id='word_1_152' title='bbox 379 3875 501 3953; x_wconf 79' lang='lat' dir='ltr'>Myrtus,</span> <span class='ocrx_word' id='word_1_153' title='bbox 516 3887 545 3935; x_wconf 87' lang='lat' dir='ltr'>et</span> <span class='ocrx_word' id='word_1_154' title='bbox 557 3877 650 3936; x_wconf 88' lang='lat' dir='ltr'>omnis</span> <span class='ocrx_word' id='word_1_155' title='bbox 663 3877 745 3954; x_wconf 84' lang='lat' dir='ltr'>copie</span> <span class='ocrx_word' id='word_1_156' title='bbox 758 3878 869 3936; x_wconf 81' lang='lat' dir='ltr'><strong>nmium</strong></span> 
     </span>
    </p>
   </div>
   <div class='ocr_carea' id='block_1_9' title="bbox 0 0 1386 4366">
    <p class='ocr_par' dir='ltr' id='par_1_16' title="bbox 0 0 1386 4366">
     <span class='ocr_line' id='line_1_40' title="bbox 0 0 1386 4366; baseline 0 0"><span class='ocrx_word' id='word_1_157' title='bbox 0 0 1386 4366; x_wconf 95' lang='lat' dir='ltr'> </span> 
     </span>
    </p>
   </div>
  </div>
 </body>
</html>
