<?xml version="1.0" encoding="UTF-8"?>
<!DOCTYPE html PUBLIC "-//W3C//DTD XHTML 1.0 Transitional//EN"
    "http://www.w3.org/TR/xhtml1/DTD/xhtml1-transitional.dtd">
<html xmlns="http://www.w3.org/1999/xhtml" xml:lang="en" lang="en">
 <head>
  <title>
</title>
<meta http-equiv="Content-Type" content="text/html;charset=utf-8" />
  <meta name='ocr-system' content='tesseract 3.04.00' />
  <meta name='ocr-capabilities' content='ocr_page ocr_carea ocr_par ocr_line ocrx_word'/>
</head>
<body>
  <div class='ocr_page' id='page_1' title='image "./operaacceduntcl00horagoog_0053.png"; bbox 0 0 2756 4366; ppageno 0'>
   <div class='ocr_carea' id='block_1_1' title="bbox 488 279 832 339">
    <p class='ocr_par' dir='ltr' id='par_1_1' title="bbox 488 279 832 339">
     <span class='ocr_line' id='line_1_1' title="bbox 488 279 832 339; baseline 0 -9"><span class='ocrx_word' id='word_1_1' title='bbox 488 283 519 339; x_wconf 78' lang='lat' dir='ltr'>Q.</span> <span class='ocrx_word' id='word_1_2' title='bbox 537 279 683 330; x_wconf 81' lang='lat' dir='ltr'>HORAI&#39;II</span> <span class='ocrx_word' id='word_1_3' title='bbox 699 279 832 330; x_wconf 74' lang='lat' dir='ltr'>susem.</span> 
     </span>
    </p>
   </div>
   <div class='ocr_carea' id='block_1_2' title="bbox 325 421 889 1285">
    <p class='ocr_par' dir='ltr' id='par_1_2' title="bbox 325 421 889 1285">
     <span class='ocr_line' id='line_1_2' title="bbox 325 421 819 500; baseline -0.008 -15"><span class='ocrx_word' id='word_1_4' title='bbox 325 427 443 486; x_wconf 86' lang='lat' dir='ltr'>Occidit</span> <span class='ocrx_word' id='word_1_5' title='bbox 456 421 530 483; x_wconf 81' lang='lat' dir='ltr'>Daoi</span> <span class='ocrx_word' id='word_1_6' title='bbox 544 424 687 482; x_wconf 76' lang='lat' dir='ltr'>Cotisonis</span> <span class='ocrx_word' id='word_1_7' title='bbox 700 427 819 500; x_wconf 82' lang='lat' dir='ltr'>agmen:</span> 
     </span>
     <span class='ocr_line' id='line_1_3' title="bbox 326 502 873 564; baseline -0.002 -2"><span class='ocrx_word' id='word_1_8' title='bbox 326 504 430 564; x_wconf 87' lang='lat' dir='ltr'>Medus</span> <span class='ocrx_word' id='word_1_9' title='bbox 443 503 553 562; x_wconf 86' lang='lat' dir='ltr'>infestis</span> <span class='ocrx_word' id='word_1_10' title='bbox 566 502 620 559; x_wconf 83' lang='lat' dir='ltr'>sibi</span> <span class='ocrx_word' id='word_1_11' title='bbox 634 503 780 562; x_wconf 80' lang='lat' dir='ltr'>luctuosus</span> <span class='ocrx_word' id='word_1_12' title='bbox 870 535 873 544; x_wconf 88' lang='lat'>.</span> 
     </span>
     <span class='ocr_line' id='line_1_4' title="bbox 523 581 764 639; baseline -0.004 -1"><span class='ocrx_word' id='word_1_13' title='bbox 523 582 650 639; x_wconf 83' lang='lat' dir='ltr'>Dissidet</span> <span class='ocrx_word' id='word_1_14' title='bbox 663 581 764 638; x_wconf 82' lang='lat' dir='ltr'>ermis:</span> 
     </span>
     <span class='ocr_line' id='line_1_5' title="bbox 327 659 855 738; baseline -0.008 -18"><span class='ocrx_word' id='word_1_15' title='bbox 327 662 430 733; x_wconf 85' lang='lat' dir='ltr'>Servit,</span> <span class='ocrx_word' id='word_1_16' title='bbox 444 661 581 738; x_wconf 75' lang='lat' dir='ltr'>Hispane</span> <span class='ocrx_word' id='word_1_17' title='bbox 595 671 675 718; x_wconf 87' lang='lat' dir='ltr'>vetus</span> <span class='ocrx_word' id='word_1_18' title='bbox 689 659 777 718; x_wconf 88' lang='lat' dir='ltr'>hostis</span> <span class='ocrx_word' id='word_1_19' title='bbox 789 677 855 731; x_wconf 80' lang='lat' dir='ltr'>orae,</span> 
     </span>
     <span class='ocr_line' id='line_1_6' title="bbox 327 738 831 812; baseline -0.008 -14"><span class='ocrx_word' id='word_1_20' title='bbox 327 739 480 812; x_wconf 85' lang='lat' dir='ltr'>Cantaber,</span> <span class='ocrx_word' id='word_1_21' title='bbox 497 740 560 798; x_wconf 71' lang='lat' dir='ltr'>sera</span> <span class='ocrx_word' id='word_1_22' title='bbox 574 739 700 797; x_wconf 88' lang='lat' dir='ltr'>domitus</span> <span class='ocrx_word' id='word_1_23' title='bbox 713 738 831 795; x_wconf 70' lang='lat' dir='ltr'>catena:</span> 
     </span>
     <span class='ocr_line' id='line_1_7' title="bbox 326 818 866 895; baseline -0.004 -19"><span class='ocrx_word' id='word_1_24' title='bbox 326 818 344 875; x_wconf 88' lang='lat' dir='ltr'>J</span> <span class='ocrx_word' id='word_1_25' title='bbox 347 839 393 876; x_wconf 86' lang='lat' dir='ltr'>am</span> <span class='ocrx_word' id='word_1_26' title='bbox 408 820 522 895; x_wconf 82' lang='lat' dir='ltr'>Scythae</span> <span class='ocrx_word' id='word_1_27' title='bbox 536 819 600 875; x_wconf 86' lang='lat' dir='ltr'>laxo</span> <span class='ocrx_word' id='word_1_28' title='bbox 614 819 785 875; x_wconf 80' lang='lat' dir='ltr'>meditantur</span> <span class='ocrx_word' id='word_1_29' title='bbox 798 835 866 874; x_wconf 84' lang='lat' dir='ltr'>arcu</span> 
     </span>
     <span class='ocr_line' id='line_1_8' title="bbox 523 895 770 972; baseline -0.004 -19"><span class='ocrx_word' id='word_1_30' title='bbox 523 895 634 954; x_wconf 88' lang='lat' dir='ltr'>Cedere</span> <span class='ocrx_word' id='word_1_31' title='bbox 655 897 770 972; x_wconf 85' lang='lat' dir='ltr'>campis.</span> 
     </span>
     <span class='ocr_line' id='line_1_9' title="bbox 327 973 880 1052; baseline -0.002 -21"><span class='ocrx_word' id='word_1_32' title='bbox 327 973 497 1052; x_wconf 79' lang='lat' dir='ltr'>Negligens,</span> <span class='ocrx_word' id='word_1_33' title='bbox 511 995 548 1032; x_wconf 90' lang='lat' dir='ltr'>ne</span> <span class='ocrx_word' id='word_1_34' title='bbox 562 977 618 1050; x_wconf 78' lang='lat' dir='ltr'>qud</span> <span class='ocrx_word' id='word_1_35' title='bbox 631 976 751 1052; x_wconf 89' lang='lat' dir='ltr'>populus</span> <span class='ocrx_word' id='word_1_36' title='bbox 764 974 880 1044; x_wconf 82' lang='lat' dir='ltr'>laboret,</span> 
     </span>
     <span class='ocr_line' id='line_1_10' title="bbox 328 1051 824 1131; baseline -0.002 -21"><span class='ocrx_word' id='word_1_37' title='bbox 328 1053 419 1111; x_wconf 77' lang='lat' dir='ltr'>Peroe</span> <span class='ocrx_word' id='word_1_38' title='bbox 432 1055 556 1129; x_wconf 84' lang='lat' dir='ltr'>privatus</span> <span class='ocrx_word' id='word_1_39' title='bbox 569 1051 691 1131; x_wconf 74' lang='lat' dir='ltr'>nimium</span> <span class='ocrx_word' id='word_1_40' title='bbox 705 1071 824 1121; x_wconf 79' lang='lat' dir='ltr'>cavere3</span> 
     </span>
     <span class='ocr_line' id='line_1_11' title="bbox 326 1129 889 1208; baseline -0.007 -18"><span class='ocrx_word' id='word_1_41' title='bbox 326 1129 412 1190; x_wconf 84' lang='lat' dir='ltr'>Dona</span> <span class='ocrx_word' id='word_1_42' title='bbox 423 1132 570 1208; x_wconf 75' lang='lat' dir='ltr'>presentis</span> <span class='ocrx_word' id='word_1_43' title='bbox 584 1151 653 1208; x_wconf 89' lang='lat' dir='ltr'>cape</span> <span class='ocrx_word' id='word_1_44' title='bbox 667 1131 748 1188; x_wconf 76' lang='lat' dir='ltr'>letus</span> <span class='ocrx_word' id='word_1_45' title='bbox 761 1132 846 1202; x_wconf 86' lang='lat' dir='ltr'>horae,</span> <span class='ocrx_word' id='word_1_46' title='bbox 859 1139 889 1186; x_wconf 84' lang='lat' dir='ltr'>et</span> 
     </span>
     <span class='ocr_line' id='line_1_12' title="bbox 523 1210 753 1285; baseline -0.004 -18"><span class='ocrx_word' id='word_1_47' title='bbox 523 1210 634 1285; x_wconf 88' lang='lat' dir='ltr'>Linque</span> <span class='ocrx_word' id='word_1_48' title='bbox 648 1229 753 1266; x_wconf 72' lang='lat' dir='ltr'>severe„</span> 
     </span>
    </p>
   </div>
   <div class='ocr_carea' id='block_1_3' title="bbox 562 1558 760 1619">
    <p class='ocr_par' dir='ltr' id='par_1_3' title="bbox 562 1558 760 1619">
     <span class='ocr_line' id='line_1_13' title="bbox 562 1558 760 1619; baseline 0 -1"><span class='ocrx_word' id='word_1_49' title='bbox 562 1559 647 1619; x_wconf 86' lang='lat' dir='ltr'>ODE</span> <span class='ocrx_word' id='word_1_50' title='bbox 673 1558 760 1618; x_wconf 89' lang='lat' dir='ltr'>VIII.</span> 
     </span>
    </p>
   </div>
   <div class='ocr_carea' id='block_1_4' title="bbox 536 1714 790 1759">
    <p class='ocr_par' dir='ltr' id='par_1_4' title="bbox 536 1714 790 1759">
     <span class='ocr_line' id='line_1_14' title="bbox 536 1714 790 1759; baseline -0.004 -1"><span class='ocrx_word' id='word_1_51' title='bbox 536 1715 577 1758; x_wconf 75' lang='lat' dir='ltr'>AD</span> <span class='ocrx_word' id='word_1_52' title='bbox 597 1714 790 1759; x_wconf 71' lang='lat' dir='ltr'>nuscanum.</span> 
     </span>
    </p>
   </div>
   <div class='ocr_carea' id='block_1_5' title="bbox 328 1819 932 1918">
    <p class='ocr_par' dir='ltr' id='par_1_5' title="bbox 328 1819 932 1918">
     <span class='ocr_line' id='line_1_15' title="bbox 328 1819 932 1918; baseline -0.003 -18"><span class='ocrx_word' id='word_1_53' title='bbox 328 1835 484 1913; x_wconf 72' lang='lat' dir='ltr'>Murcum,</span> <span class='ocrx_word' id='word_1_54' title='bbox 499 1835 737 1917; x_wconf 80' lang='lat' dir='ltr'>(namtednoilis</span> <span class='ocrx_word' id='word_1_55' title='bbox 750 1839 886 1918; x_wconf 83' lang='lat' dir='ltr'>magistro</span> <span class='ocrx_word' id='word_1_56' title='bbox 930 1819 932 1824; x_wconf 33' lang='lat'>⁵</span> 
     </span>
    </p>
   </div>
   <div class='ocr_carea' id='block_1_6' title="bbox 329 1919 935 3876">
    <p class='ocr_par' dir='ltr' id='par_1_6' title="bbox 329 1919 935 3876">
     <span class='ocr_line' id='line_1_16' title="bbox 329 1919 872 1999; baseline -0.002 -22"><span class='ocrx_word' id='word_1_57' title='bbox 329 1919 420 1979; x_wconf 80' lang='lat' dir='ltr'>Movit</span> <span class='ocrx_word' id='word_1_58' title='bbox 433 1921 580 1996; x_wconf 86' lang='lat' dir='ltr'>Amphion</span> <span class='ocrx_word' id='word_1_59' title='bbox 593 1919 702 1995; x_wconf 84' lang='lat' dir='ltr'>lapides</span> <span class='ocrx_word' id='word_1_60' title='bbox 716 1919 872 1999; x_wconf 88' lang='lat' dir='ltr'>canend0‚)</span> 
     </span>
     <span class='ocr_line' id='line_1_17' title="bbox 329 1997 850 2075; baseline 0 -19"><span class='ocrx_word' id='word_1_61' title='bbox 329 1997 445 2075; x_wconf 84' lang='lat' dir='ltr'><strong>Tuque,</strong></span> <span class='ocrx_word' id='word_1_62' title='bbox 459 2000 581 2068; x_wconf 89' lang='lat' dir='ltr'>testudo,</span> <span class='ocrx_word' id='word_1_63' title='bbox 595 2017 728 2055; x_wconf 88' lang='lat' dir='ltr'>resonare</span> <span class='ocrx_word' id='word_1_64' title='bbox 742 1999 850 2074; x_wconf 84' lang='lat' dir='ltr'>septeni</span> 
     </span>
     <span class='ocr_line' id='line_1_18' title="bbox 526 2076 754 2147; baseline -0.004 -14"><span class='ocrx_word' id='word_1_65' title='bbox 526 2076 638 2134; x_wconf 75' lang='lat' dir='ltr'>Callida</span> <span class='ocrx_word' id='word_1_66' title='bbox 651 2077 754 2147; x_wconf 86' lang='lat' dir='ltr'>nervis,</span> 
     </span>
     <span class='ocr_line' id='line_1_19' title="bbox 329 2154 935 2228; baseline 0 -16"><span class='ocrx_word' id='word_1_67' title='bbox 329 2154 394 2214; x_wconf 87' lang='lat' dir='ltr'>Neo</span> <span class='ocrx_word' id='word_1_68' title='bbox 407 2155 509 2228; x_wconf 77' lang='lat' dir='ltr'>loquax</span> <span class='ocrx_word' id='word_1_69' title='bbox 522 2154 589 2209; x_wconf 89' lang='lat' dir='ltr'>olim</span> <span class='ocrx_word' id='word_1_70' title='bbox 602 2172 694 2226; x_wconf 89' lang='lat' dir='ltr'>neque</span> <span class='ocrx_word' id='word_1_71' title='bbox 709 2163 798 2228; x_wconf 84' lang='lat' dir='ltr'>grata,</span> <span class='ocrx_word' id='word_1_72' title='bbox 812 2171 892 2210; x_wconf 92' lang='lat' dir='ltr'>nunc</span> <span class='ocrx_word' id='word_1_73' title='bbox 905 2164 935 2212; x_wconf 87' lang='lat' dir='ltr'>et</span> 
     </span>
     <span class='ocr_line' id='line_1_20' title="bbox 329 2229 860 2306; baseline -0.009 -16"><span class='ocrx_word' id='word_1_74' title='bbox 329 2232 457 2290; x_wconf 87' lang='lat' dir='ltr'>Divitum</span> <span class='ocrx_word' id='word_1_75' title='bbox 472 2230 577 2286; x_wconf 89' lang='lat' dir='ltr'>mensis</span> <span class='ocrx_word' id='word_1_76' title='bbox 590 2239 619 2285; x_wconf 92' lang='lat' dir='ltr'>et</span> <span class='ocrx_word' id='word_1_77' title='bbox 633 2229 725 2286; x_wconf 84' lang='lat' dir='ltr'>amica</span> <span class='ocrx_word' id='word_1_78' title='bbox 738 2231 860 2306; x_wconf 87' lang='lat' dir='ltr'>templis,</span> 
     </span>
     <span class='ocr_line' id='line_1_21' title="bbox 329 2307 874 2382; baseline -0.002 -15"><span class='ocrx_word' id='word_1_79' title='bbox 329 2310 386 2368; x_wconf 88' lang='lat' dir='ltr'>Dic</span> <span class='ocrx_word' id='word_1_80' title='bbox 399 2309 497 2366; x_wconf 90' lang='lat' dir='ltr'>modos</span> <span class='ocrx_word' id='word_1_81' title='bbox 511 2307 590 2382; x_wconf 87' lang='lat' dir='ltr'>Lyde</span> <span class='ocrx_word' id='word_1_82' title='bbox 603 2307 706 2381; x_wconf 89' lang='lat' dir='ltr'>quibus</span> <span class='ocrx_word' id='word_1_83' title='bbox 719 2307 874 2366; x_wconf 82' lang='lat' dir='ltr'>obstinatos</span> 
     </span>
     <span class='ocr_line' id='line_1_22' title="bbox 526 2386 767 2462; baseline -0.008 -20"><span class='ocrx_word' id='word_1_84' title='bbox 526 2386 661 2462; x_wconf 90' lang='lat' dir='ltr'>Applicet</span> <span class='ocrx_word' id='word_1_85' title='bbox 674 2400 767 2443; x_wconf 83' lang='lat' dir='ltr'>eures.</span> 
     </span>
     <span class='ocr_line' id='line_1_23' title="bbox 329 2465 857 2542; baseline -0.004 -19"><span class='ocrx_word' id='word_1_86' title='bbox 329 2465 379 2523; x_wconf 88' lang='lat' dir='ltr'>Tu</span> <span class='ocrx_word' id='word_1_87' title='bbox 392 2475 472 2542; x_wconf 84' lang='lat' dir='ltr'>potes</span> <span class='ocrx_word' id='word_1_88' title='bbox 485 2465 572 2540; x_wconf 83' lang='lat' dir='ltr'>tigres</span> <span class='ocrx_word' id='word_1_89' title='bbox 586 2466 758 2540; x_wconf 78' lang='lat' dir='ltr'>comitesque</span> <span class='ocrx_word' id='word_1_90' title='bbox 773 2465 857 2522; x_wconf 89' lang='lat' dir='ltr'>silvas</span> 
     </span>
     <span class='ocr_line' id='line_1_24' title="bbox 330 2543 831 2614; baseline -0.004 -12"><span class='ocrx_word' id='word_1_91' title='bbox 330 2544 456 2614; x_wconf 80' lang='lat' dir='ltr'>Ducere,</span> <span class='ocrx_word' id='word_1_92' title='bbox 470 2552 500 2600; x_wconf 93' lang='lat' dir='ltr'>et</span> <span class='ocrx_word' id='word_1_93' title='bbox 512 2544 585 2600; x_wconf 88' lang='lat' dir='ltr'>rivos</span> <span class='ocrx_word' id='word_1_94' title='bbox 599 2543 707 2600; x_wconf 87' lang='lat' dir='ltr'>celeres</span> <span class='ocrx_word' id='word_1_95' title='bbox 720 2544 831 2601; x_wconf 88' lang='lat' dir='ltr'>morari.</span> 
     </span>
     <span class='ocr_line' id='line_1_25' title="bbox 330 2619 804 2680; baseline -0.002 -1"><span class='ocrx_word' id='word_1_96' title='bbox 330 2622 425 2680; x_wconf 84' lang='lat' dir='ltr'>Cessit</span> <span class='ocrx_word' id='word_1_97' title='bbox 438 2621 569 2677; x_wconf 89' lang='lat' dir='ltr'>immanis</span> <span class='ocrx_word' id='word_1_98' title='bbox 583 2619 634 2676; x_wconf 89' lang='lat' dir='ltr'>tibi</span> <span class='ocrx_word' id='word_1_99' title='bbox 648 2621 804 2678; x_wconf 75' lang='lat' dir='ltr'>blandienti</span> 
     </span>
     <span class='ocr_line' id='line_1_26' title="bbox 527 2698 724 2756; baseline -0.005 -1"><span class='ocrx_word' id='word_1_100' title='bbox 527 2698 545 2755; x_wconf 89' lang='lat' dir='ltr'>J</span> <span class='ocrx_word' id='word_1_101' title='bbox 548 2699 639 2756; x_wconf 87' lang='lat' dir='ltr'>anitor</span> <span class='ocrx_word' id='word_1_102' title='bbox 653 2699 724 2756; x_wconf 81' lang='lat' dir='ltr'>aulae</span> 
     </span>
     <span class='ocr_line' id='line_1_27' title="bbox 329 2777 882 2852; baseline -0.002 -16"><span class='ocrx_word' id='word_1_103' title='bbox 329 2778 489 2848; x_wconf 87' lang='lat' dir='ltr'>Cerberus;</span> <span class='ocrx_word' id='word_1_104' title='bbox 511 2778 638 2852; x_wconf 86' lang='lat' dir='ltr'>quamvis</span> <span class='ocrx_word' id='word_1_105' title='bbox 652 2777 752 2835; x_wconf 87' lang='lat' dir='ltr'>furiale</span> <span class='ocrx_word' id='word_1_106' title='bbox 766 2789 882 2835; x_wconf 86' lang='lat' dir='ltr'>centum</span> 
     </span>
     <span class='ocr_line' id='line_1_28' title="bbox 330 2855 869 2932; baseline 0 -18"><span class='ocrx_word' id='word_1_107' title='bbox 330 2855 466 2915; x_wconf 77' lang='lat' dir='ltr'>Munisnt</span> <span class='ocrx_word' id='word_1_108' title='bbox 479 2873 587 2930; x_wconf 78' lang='lat' dir='ltr'>angues</span> <span class='ocrx_word' id='word_1_109' title='bbox 601 2868 686 2931; x_wconf 89' lang='lat' dir='ltr'>caput</span> <span class='ocrx_word' id='word_1_110' title='bbox 699 2855 771 2932; x_wconf 87' lang='lat' dir='ltr'>ejus,</span> <span class='ocrx_word' id='word_1_111' title='bbox 786 2866 869 2932; x_wconf 87' lang='lat' dir='ltr'>atque</span> 
     </span>
     <span class='ocr_line' id='line_1_29' title="bbox 331 2935 813 3011; baseline -0.002 -18"><span class='ocrx_word' id='word_1_112' title='bbox 331 2935 453 3011; x_wconf 84' lang='lat' dir='ltr'>Spiritus</span> <span class='ocrx_word' id='word_1_113' title='bbox 467 2945 538 2992; x_wconf 87' lang='lat' dir='ltr'>teter</span> <span class='ocrx_word' id='word_1_114' title='bbox 552 2935 701 3009; x_wconf 84' lang='lat' dir='ltr'>saniesque</span> <span class='ocrx_word' id='word_1_115' title='bbox 716 2946 813 2992; x_wconf 90' lang='lat' dir='ltr'>manet</span> 
     </span>
     <span class='ocr_line' id='line_1_30' title="bbox 525 3012 733 3089; baseline 0 -19"><span class='ocrx_word' id='word_1_116' title='bbox 525 3012 585 3070; x_wconf 86' lang='lat' dir='ltr'>Ore</span> <span class='ocrx_word' id='word_1_117' title='bbox 598 3013 733 3089; x_wconf 86' lang='lat' dir='ltr'>trilingui.</span> 
     </span>
     <span class='ocr_line' id='line_1_31' title="bbox 330 3091 819 3167; baseline -0.004 -15"><span class='ocrx_word' id='word_1_118' title='bbox 330 3092 413 3154; x_wconf 80' lang='lat' dir='ltr'>Quin</span> <span class='ocrx_word' id='word_1_119' title='bbox 426 3103 456 3150; x_wconf 83' lang='lat' dir='ltr'>et</span> <span class='ocrx_word' id='word_1_120' title='bbox 469 3091 552 3148; x_wconf 85' lang='lat' dir='ltr'>Ixion</span> <span class='ocrx_word' id='word_1_121' title='bbox 568 3092 724 3167; x_wconf 87' lang='lat' dir='ltr'>Tityosque</span> <span class='ocrx_word' id='word_1_122' title='bbox 738 3093 819 3150; x_wconf 87' lang='lat' dir='ltr'>vultu</span> 
     </span>
     <span class='ocr_line' id='line_1_32' title="bbox 331 3169 838 3245; baseline 0 -18"><span class='ocrx_word' id='word_1_123' title='bbox 331 3169 409 3228; x_wconf 84' lang='lat' dir='ltr'>Risit</span> <span class='ocrx_word' id='word_1_124' title='bbox 422 3171 525 3228; x_wconf 82' lang='lat' dir='ltr'>invito:</span> <span class='ocrx_word' id='word_1_125' title='bbox 547 3171 625 3226; x_wconf 83' lang='lat' dir='ltr'>stetit</span> <span class='ocrx_word' id='word_1_126' title='bbox 638 3189 710 3225; x_wconf 81' lang='lat' dir='ltr'>urna</span> <span class='ocrx_word' id='word_1_127' title='bbox 720 3169 838 3245; x_wconf 80' lang='lat' dir='ltr'>pouldm</span> 
     </span>
     <span class='ocr_line' id='line_1_33' title="bbox 331 3247 835 3326; baseline 0.002 -20"><span class='ocrx_word' id='word_1_128' title='bbox 331 3249 427 3320; x_wconf 84' lang='lat' dir='ltr'>Sicca,</span> <span class='ocrx_word' id='word_1_129' title='bbox 441 3247 510 3304; x_wconf 89' lang='lat' dir='ltr'>dum</span> <span class='ocrx_word' id='word_1_130' title='bbox 524 3259 604 3323; x_wconf 87' lang='lat' dir='ltr'>grato</span> <span class='ocrx_word' id='word_1_131' title='bbox 617 3247 714 3305; x_wconf 86' lang='lat' dir='ltr'>Danai</span> <span class='ocrx_word' id='word_1_132' title='bbox 727 3249 835 3326; x_wconf 87' lang='lat' dir='ltr'>puellas</span> 
     </span>
     <span class='ocr_line' id='line_1_34' title="bbox 528 3326 795 3384; baseline 0.004 -2"><span class='ocrx_word' id='word_1_133' title='bbox 528 3326 663 3384; x_wconf 84' lang='lat' dir='ltr'>Carmine</span> <span class='ocrx_word' id='word_1_134' title='bbox 678 3327 795 3384; x_wconf 83' lang='lat' dir='ltr'>mulces.</span> 
     </span>
     <span class='ocr_line' id='line_1_35' title="bbox 332 3405 834 3481; baseline 0 -21"><span class='ocrx_word' id='word_1_135' title='bbox 332 3405 441 3463; x_wconf 84' lang='lat' dir='ltr'>Audiet</span> <span class='ocrx_word' id='word_1_136' title='bbox 453 3405 533 3481; x_wconf 87' lang='lat' dir='ltr'>Lyde</span> <span class='ocrx_word' id='word_1_137' title='bbox 548 3406 641 3462; x_wconf 89' lang='lat' dir='ltr'>scelus</span> <span class='ocrx_word' id='word_1_138' title='bbox 656 3418 738 3479; x_wconf 85' lang='lat' dir='ltr'>atque</span> <span class='ocrx_word' id='word_1_139' title='bbox 753 3415 834 3462; x_wconf 89' lang='lat' dir='ltr'>notas</span> 
     </span>
     <span class='ocr_line' id='line_1_36' title="bbox 332 3480 882 3559; baseline -0.004 -21"><span class='ocrx_word' id='word_1_140' title='bbox 332 3481 484 3558; x_wconf 85' lang='lat' dir='ltr'>Virginum</span> <span class='ocrx_word' id='word_1_141' title='bbox 498 3480 606 3559; x_wconf 85' lang='lat' dir='ltr'>poenas,</span> <span class='ocrx_word' id='word_1_142' title='bbox 620 3495 650 3540; x_wconf 89' lang='lat' dir='ltr'>et</span> <span class='ocrx_word' id='word_1_143' title='bbox 663 3485 747 3541; x_wconf 85' lang='lat' dir='ltr'>inane</span> <span class='ocrx_word' id='word_1_144' title='bbox 760 3480 882 3556; x_wconf 81' lang='lat' dir='ltr'>lymphae</span> 
     </span>
     <span class='ocr_line' id='line_1_37' title="bbox 332 3558 791 3638; baseline 0.002 -21"><span class='ocrx_word' id='word_1_145' title='bbox 332 3558 449 3618; x_wconf 90' lang='lat' dir='ltr'>Dolium</span> <span class='ocrx_word' id='word_1_146' title='bbox 463 3563 551 3620; x_wconf 84' lang='lat' dir='ltr'>fundo</span> <span class='ocrx_word' id='word_1_147' title='bbox 565 3563 710 3638; x_wconf 90' lang='lat' dir='ltr'>pereuntis</span> <span class='ocrx_word' id='word_1_148' title='bbox 723 3562 791 3632; x_wconf 90' lang='lat' dir='ltr'>imo,</span> 
     </span>
     <span class='ocr_line' id='line_1_38' title="bbox 530 3641 727 3717; baseline -0.005 -19"><span class='ocrx_word' id='word_1_149' title='bbox 530 3643 656 3717; x_wconf 84' lang='lat' dir='ltr'>Seraque</span> <span class='ocrx_word' id='word_1_150' title='bbox 670 3641 727 3697; x_wconf 86' lang='lat' dir='ltr'>fata</span> 
     </span>
     <span class='ocr_line' id='line_1_39' title="bbox 332 3715 913 3795; baseline -0.002 -18"><span class='ocrx_word' id='word_1_151' title='bbox 332 3715 409 3777; x_wconf 78' lang='lat' dir='ltr'>Quae</span> <span class='ocrx_word' id='word_1_152' title='bbox 422 3730 540 3776; x_wconf 80' lang='lat' dir='ltr'>manent</span> <span class='ocrx_word' id='word_1_153' title='bbox 553 3721 650 3795; x_wconf 88' lang='lat' dir='ltr'>culpas</span> <span class='ocrx_word' id='word_1_154' title='bbox 664 3721 750 3788; x_wconf 83' lang='lat' dir='ltr'>etiam</span> <span class='ocrx_word' id='word_1_155' title='bbox 764 3719 817 3775; x_wconf 89' lang='lat' dir='ltr'>sub</span> <span class='ocrx_word' id='word_1_156' title='bbox 826 3718 913 3776; x_wconf 91' lang='lat' dir='ltr'>Orco.</span> 
     </span>
     <span class='ocr_line' id='line_1_40' title="bbox 334 3794 890 3876; baseline 0.005 -26"><span class='ocrx_word' id='word_1_157' title='bbox 334 3794 443 3872; x_wconf 76' lang='lat' dir='ltr'>Impiae,</span> <span class='ocrx_word' id='word_1_158' title='bbox 459 3794 539 3873; x_wconf 88' lang='lat' dir='ltr'>(nam</span> <span class='ocrx_word' id='word_1_159' title='bbox 552 3800 620 3872; x_wconf 92' lang='lat' dir='ltr'>quid</span> <span class='ocrx_word' id='word_1_160' title='bbox 633 3797 752 3876; x_wconf 75' lang='lat' dir='ltr'>potudre</span> <span class='ocrx_word' id='word_1_161' title='bbox 765 3797 856 3874; x_wconf 90' lang='lat' dir='ltr'>majus</span> <span class='ocrx_word' id='word_1_162' title='bbox 864 3797 890 3874; x_wconf 81' lang='lat' dir='ltr'>l)</span> 
     </span>
    </p>
   </div>
   <div class='ocr_carea' id='block_1_7' title="bbox 0 0 1393 4366">
    <p class='ocr_par' dir='ltr' id='par_1_7' title="bbox 0 0 1393 4366">
     <span class='ocr_line' id='line_1_41' title="bbox 0 0 1393 4366; baseline 0 0"><span class='ocrx_word' id='word_1_163' title='bbox 0 0 1393 4366; x_wconf 95' lang='lat' dir='ltr'> </span> 
     </span>
    </p>
   </div>
  </div>
 </body>
</html>
