2706 4362
163 304 204 362 94
491 301 521 360 Q·
539 299 685 352 HORATII
702 301 825 352 FLACCI

202 443 294 502 Instat
308 445 388 522 equis
402 445 501 522 auriga
514 465 580 505 suos
594 447 784 518 vincentibus,
798 446 878 503 illum
1094 447 1153 508 115

201 523 377 582 Preteritum
392 534 522 583 temnens
536 537 676 603 extremos
689 527 762 583 inter
776 536 901 583 euntem.
1145 539 1147 544 '

202 600 275 660 Inde
290 603 321 660 lit
334 616 365 660 ut
379 600 453 674 rard,
467 605 515 679 qui
529 624 560 662 se
574 605 676 662 vixisse
690 607 804 663 beatum

201 681 295 754 Dicat,
310 693 338 740 et
352 694 452 740 exacto
466 695 617 741 contentus
631 695 756 760 tempore
770 684 834 740 vitre

171 801 181 815 ·.
200 760 293 818 Cedat
307 758 348 819 uti
363 762 482 820 conviva
496 775 583 833 satur,
597 763 720 838 reperire
735 781 879 838 queamus.

240 839 304 897 Jam
320 841 388 902 sutis
403 852 464 898 est:
485 861 522 898 ne
536 860 582 898 me
596 841 721 916 Crispini
735 841 838 900 scrinio
852 841 921 917 lippi
1092 841 1149 900 120

200 917 377 996 Compilrlsse
388 931 481 997 putes,
495 921 614 1000 verbum
627 939 686 979 non
700 918 823 997 amplius
837 920 948 978 addam.

544 1274 702 1334 SATIRA
723 1274 764 1334 II.

158 1447 160 1456 .
199 1396 432 1453 Annunnrnnun
446 1395 575 1471 collegis,
589 1395 825 1471 pharmacopolae,

199 1471 338 1546 Mendici,
353 1475 456 1545 mimae,
470 1474 639 1546 balatrones,
654 1474 709 1530 hoc
722 1493 813 1550 genus
827 1494 912 1532 omne

199 1549 335 1611 Moestum
349 1573 383 1611 ae
398 1554 548 1611 sollicitum
562 1563 605 1610 est
619 1553 743 1610 cantoris
756 1564 845 1610 morte
859 1553 984 1631 Tigelli3

197 1632 315 1708 Quippe
330 1633 471 1709 benignus
484 1645 560 1690 erut:
583 1631 682 1689 contre
696 1633 753 1703 hic,
768 1652 805 1689 ne
819 1633 954 1710 prodigus
967 1653 1030 1692 esse

198 1710 319 1769 Dicatur
333 1723 473 1783 metuens,
486 1711 564 1786 inopi
578 1710 645 1767 dure
657 1712 727 1767 nolit
741 1712 833 1768 amico
1127 1715 1148 1771 5

198 1788 303 1866 Frigus
316 1809 371 1865 quo
385 1790 540 1865 duramque
554 1790 656 1846 famem
672 1790 812 1864 depellere
825 1792 921 1866 possit.

200 1868 289 1926 Hunc
303 1870 326 1926 si
340 1871 524 1944 perconteris,
539 1869 583 1925 avi
597 1888 648 1925 cur
662 1879 745 1944 utque
759 1870 883 1945 parentis

198 1947 367 2006 Praecluram
382 1948 493 2024 ingrati
506 1948 625 2022 stringat
638 1949 729 2004 melus
743 1948 867 2024 ingluvie
881 1967 950 2022 rem,

198 2025 306 2084 Omnia
320 2027 470 2084 conductis
483 2031 620 2085 coemens
633 2025 751 2085 obsonia
766 2027 906 2096 nummis;

199 2104 338 2162 Sordidus
351 2117 434 2180 atque
449 2106 536 2163 animi
550 2104 628 2180 quod
642 2111 720 2181 parvi
734 2107 804 2163 nolit
818 2107 926 2178 haberi,
1110 2107 1146 2163 10

198 2182 383 2258 Respondet:
404 2184 534 2241 laudatur
549 2184 584 2240 ab
599 2185 652 2255 his,
667 2185 797 2260 culpatur
810 2186 846 2241 eb
860 2185 923 2241 illis.

197 2260 327 2318 Fufidius
340 2280 436 2336 vnppae
452 2262 555 2319 famam
569 2262 649 2319 timet
663 2281 697 2318 nc
711 2263 872 2334 nebulonis,

197 2337 285 2397 Dives
299 2339 383 2415 agris,
397 2341 475 2396 dives
489 2340 587 2414 positis
600 2341 629 2395 in
645 2340 751 2396 foenore
765 2342 897 2398 nummis.

196 2417 312 2480 Quinas
326 2419 373 2475 hic
387 2418 473 2493 capiti
486 2417 633 2475 mercedes
647 2431 778 2488 exsecat3
800 2431 883 2494 atque

198 2493 317 2558 Quanti>
330 2497 465 2571 perditior
478 2497 595 2591 quisque
609 2507 661 2567 est,
677 2495 756 2555 tanto
772 2495 866 2555 ucriirs
880 2510 978 2573 urget;
1111 2500 1147 2556 15

197 2574 324 2633 Nomine
338 2585 470 2646 sectatur,
482 2577 567 2631 modo
582 2577 695 2652 sumpti
709 2588 784 2633 veste
799 2576 869 2633 virili

199 2653 259 2710 Sub
272 2653 398 2728 patribus
412 2652 500 2725 duris,
513 2653 644 2710 tironum.
685 2660 704 2686 ¹‘
714 2653 869 2724 Maxime,’'
885 2656 948 2729 quis
961 2674 1029 2728 non,

198 2737 216 2798 “.
228 2731 339 2807 Jupiter
348 2733 374 2788 l'’
396 2732 544 2803 exclamet,
559 2733 642 2790 simul
658 2745 740 2808 atque
755 2733 861 2790 audivit
867 2735 961 2790 t-At
974 2734 1004 2791 in
1019 2753 1050 2792 se

196 2810 252 2868 Pro
267 2821 377 2885 quaestu
391 2822 534 2886 sumptum
549 2812 724 2870 facit—Hic
739 2813 784 2869 vix
798 2812 915 2869 credere
928 2813 1030 2888 possis'

195 2888 295 2952 Quum
310 2890 363 2947 sibi
378 2911 435 2948 non
449 2891 485 2948 sit
499 2892 623 2948 amicus:
645 2892 684 2949 ite
697 2902 728 2949 ut
740 2903 820 2968 puter
833 2891 892 2963 ille,
907 2889 1028 2950 Terenti
1105 2891 1145 2948 20

198 2969 308 3026 Fabula
321 2989 405 3046 quem
421 2971 555 3026 miserum
569 2981 636 3028 nato
651 2971 752 3028 vixisse
767 2971 863 3046 fugato

197 3048 324 3121 Indueit,
338 3068 396 3108 non
411 3067 442 3106 se
455 3047 537 3125 pejlrs
552 3050 721 3108 cruciaverit
735 3061 818 3124 atque
832 3051 888 3107 hic.

237 3129 268 3186 Si
281 3129 344 3203 quis
357 3148 435 3186 nunc
448 3139 564 3204 querat,
579 3126 679 3191 “Quo
693 3149 738 3187 rer
752 3131 814 3187 haec
827 3129 984 3206 pertiuetl”
1006 3126 1095 3186 Illuc:

196 3206 272 3263 Dum
288 3208 377 3266 ritant
390 3209 468 3267 stulti
482 3209 558 3280 vitia,
573 3209 603 3265 in
619 3209 760 3266 contrariu
773 3219 899 3267 currunt.

196 3285 326 3344 Pastillos
339 3287 465 3345 Rufillus
475 3288 542 3360 olet,
557 3288 719 3364 Gorgonius
733 3287 852 3344 hircum.
1104 3286 1145 3345 25

531 3641 689 3702 SATIRA
711 3639 768 3699 III.

195 3758 340 3815 Ommnus
355 3759 409 3817 hoc
424 3760 524 3818 vitium
537 3772 581 3818 est
594 3762 768 3833 cantoribus,
780 3761 854 3818 inter
864 3759 972 3818 amicos

195 3835 236 3894 Ut
249 3855 399 3910 nunquam
413 3839 553 3896 inducent
567 3841 695 3898 animum
709 3852 824 3899 cantare
836 3839 937 3915 rogati,
