2706 4362
491 311 697 366 semiantrum
714 311 780 362 ura
798 314 834 362 11.
851 316 875 362 r.
1126 317 1182 376 189

237 456 325 530 Dum,
338 475 400 534 quea
415 455 539 533 Crispini
552 456 651 516 docuit
663 475 710 514 me
720 455 835 532 janitor,
849 455 913 514 edo.
1142 457 1183 514 45

237 542 256 568 “
265 535 332 594 Non
341 555 403 594 sum
414 536 570 609 moechus,'’
584 537 633 594 ais.
664 535 767 610 Neque
777 554 841 611 ego,
853 534 979 607 hercule,
989 534 1042 608 fur,
1053 534 1103 593 ubi
1115 553 1183 593 vase

236 615 376 673 Praerereo
390 614 503 690 sapiens
516 626 659 690 argentea.
701 614 785 672 Tolle
798 613 946 689 periclum,

236 693 301 750 Jam
312 712 383 770 vaga
396 694 522 769 prosiliet
536 693 630 750 sraenir
643 704 745 750 natura
757 692 881 768 remotis.

235 771 321 829 Turre
333 773 403 829 mihi
416 772 560 844 dominus,
574 791 669 829 rerum
684 772 808 848 imperiis
822 771 1025 847 hominumque

235 850 294 909 Tot
307 851 448 926 tantisque
463 851 565 922 minor,
579 868 662 925 quern
678 860 719 907 ter
733 850 858 906 vindicta
871 861 1025 924 quaterque
1142 849 1183 908 50

235 929 373 1005 Imposita
387 930 462 986 baud
477 948 601 1004 unquam
615 929 718 986 miserat
732 929 880 986 formidine
894 929 1004 1004 privetl

236 1009 321 1065 Adde
336 1026 431 1084 super,
442 1007 527 1064 dictis
540 1008 614 1082 quod
628 1020 686 1064 non
699 1004 788 1065 levitis
802 1007 907 1065 valeat:
929 1026 996 1066 nam

237 1086 303 1143 Sive
317 1087 439 1143 vicarius
452 1097 505 1158 est,
520 1087 568 1161 qui
582 1105 662 1143 servo
675 1097 763 1161 paret,
778 1082 819 1143 uti
834 1105 895 1143 mos

236 1165 337 1223 Vester
351 1165 399 1237 ait,
414 1184 464 1222 seu
478 1184 631 1222 conservus
639 1185 647 1235 ;
668 1164 719 1222 tibi
733 1165 800 1240 quid
815 1183 877 1220 sum
892 1165 965 1240 egol
1004 1162 1116 1242 Nempe

235 1241 293 1316 Tu,
308 1243 378 1301 mihi
391 1246 439 1320 qui
454 1243 607 1319 imperitos,
623 1244 686 1301 aliis
699 1244 787 1301 servis
800 1243 896 1316 miser,
912 1254 994 1319 atque

234 1322 356 1380 Duceris
370 1335 401 1381 ut
414 1323 509 1380 nervis
522 1323 623 1380 alienis
636 1323 740 1380 mobile
753 1323 873 1397 lignum.

233 1402 379 1464 Quisnam
393 1402 479 1478 igitur
493 1402 585 1459 libert
606 1402 736 1478 Sapiens,
750 1401 803 1474 sibi
818 1401 866 1477 qui
880 1400 1048 1478 imperiosus
1056 1422 1064 1472 ;

232 1481 332 1542 Quem
346 1500 439 1557 neque
452 1481 612 1557 pauperies,
625 1499 718 1555 neque
732 1499 816 1553 more,
827 1499 920 1555 neque
934 1481 1048 1539 vincula
1059 1489 1181 1549 terrent3

234 1559 416 1636 Responsare
430 1560 622 1635 cupidinibus,
637 1571 820 1617 contemnere
834 1560 954 1616 bonores

235 1637 339 1710 Fortis,
353 1638 425 1696 etin
440 1639 532 1713 seipso
546 1649 630 1709 totus,
644 1650 719 1695 teres
733 1649 816 1712 atque
829 1638 976 1710 rotundus,
1144 1637 1183 1694 60

235 1715 355 1773 Externi
368 1736 406 1773 ne
419 1716 487 1790 quid
500 1716 592 1774 aulem
603 1735 656 1790 per
666 1715 728 1772 leve
741 1716 863 1784 morari;

237 1793 272 1851 In
286 1814 371 1870 quem
385 1813 489 1851 manca
502 1794 559 1852 ruit
572 1812 683 1868 semper
696 1793 830 1850 Fortuna.
871 1793 993 1850 Potesne

237 1873 282 1930 Ex
296 1874 340 1931 bis
354 1885 385 1932 ut
398 1873 541 1948 proprium
554 1872 621 1948 quid
636 1873 775 1929 nosceret
814 1870 953 1946 Quinque
965 1871 1073 1929 talenta

236 1952 333 2011 Poscit
346 1965 374 2010 te
388 1952 499 2024 mulier,
514 1963 605 2025 vexat,
621 1951 781 2026 foribusque
795 1951 939 2026 repulsum
1088 2003 1095 2023 k

236 2031 385 2090 Perfundit
395 2031 508 2107 gelidai:
530 2049 628 2088 rursus
641 2041 730 2090 vocat.
771 2029 859 2105 Eripe
873 2029 947 2104 turpi
1144 2028 1183 2087 66

235 2110 316 2168 Colla
327 2111 413 2186 jugo:
435 2113 453 2140 “
464 2110 558 2182 Liber,
573 2109 644 2167 liber
658 2111 750 2181 sum,'’
766 2109 813 2165 dic
827 2127 888 2185 age.
930 2107 998 2167 Non
1011 2106 1091 2184 quis;

234 2187 323 2266 Urget
336 2190 413 2246 enim
428 2189 559 2246 dominus
573 2199 698 2246 mentem
711 2208 770 2245 non
781 2187 863 2260 lenis,
877 2198 907 2245 et
920 2206 1000 2245 acres

234 2268 383 2344 Subjectat
396 2267 469 2325 lasso
480 2269 617 2340 stimulos,
632 2277 778 2342 versatque
792 2277 954 2343 negantem.

233 2346 298 2419 Vel,
312 2365 399 2422 quum
414 2346 553 2404 Pausiaca
566 2347 670 2422 torpes
687 2347 795 2418 insane,
808 2344 923 2416 tabelltl,

233 2425 296 2487 Qut
310 2443 415 2501 peccas
429 2423 524 2482 minius
538 2437 621 2501 atque
633 2445 696 2501 ego,
710 2444 797 2500 quum
813 2424 895 2482 Fulvi
910 2424 1103 2500 Rutubaeque,
1145 2426 1182 2482 70

234 2505 294 2561 Aut
308 2504 482 2562 Placideiani
498 2515 631 2562 contento
644 2506 749 2580 poplite
762 2504 849 2562 miror

234 2583 345 2656 Proelia,
360 2583 474 2641 rubrictl
487 2585 563 2659 picta
577 2595 627 2640 aut
640 2584 779 2653 carbone;
801 2583 877 2640 velut
889 2581 914 2640 si

233 2663 280 2720 Re
294 2665 361 2721 verri
374 2674 512 2739 pugnent,
527 2663 630 2721 feriant
644 2663 786 2738 vitentque
800 2673 946 2720 moventes

233 2743 324 2800 Arma
336 2742 406 2798 viril
447 2741 578 2816 Nequam
592 2752 622 2799 et
634 2747 758 2798 cessator
773 2740 887 2810 Davus3
909 2740 1011 2817 etipse

234 2821 352 2878 Subtilis
366 2832 492 2876 veterum
503 2821 592 2894 judex
605 2830 634 2875 et
647 2819 768 2875 callidus
782 2819 872 2876 audis.
1144 2823 1183 2878 75

234 2897 285 2954 Nil
299 2917 362 2972 ego,
377 2898 401 2953 si
414 2898 503 2953 ducor
516 2897 574 2952 libo
587 2897 729 2952 fumante:
751 2895 802 2950 tibi
816 2895 919 2972 ingens

234 2976 333 3033 Virtus
347 2986 431 3050 atque
445 2974 558 3032 animus
571 2972 661 3029 coenis
675 2984 820 3048 responsat
832 2973 944 3048 opimis.

233 3053 413 3129 Obsequium
427 3051 533 3110 ventris
546 3051 617 3108 mibi
630 3051 817 3125 perniciosius
830 3062 889 3108 est:
910 3052 981 3108 curt

233 3133 332 3210 Tergo
345 3133 455 3210 plector
468 3131 554 3188 enim.
594 3127 657 3190 Qut
671 3139 703 3187 tu
717 3129 881 3203 impunitior
895 3129 952 3200 ille,

232 3214 309 3276 Qum
324 3232 410 3289 parvo
424 3209 498 3268 sumi
512 3218 669 3285 nequeunt,
683 3226 770 3284 quum
784 3207 903 3264 obsonia
916 3207 1033 3282 captasl
1135 3207 1184 3265 ,80

232 3293 345 3368 Nempe
359 3292 570 3349 inamarescunt
584 3287 675 3364 epulae
689 3286 750 3344 sine
765 3285 822 3344 fine
835 3285 940 3362 petita,

233 3372 372 3447 Illusique
386 3371 473 3447 pedes
486 3368 618 3426 vitiosum
633 3367 705 3424 serre
719 3375 855 3425 recusant

233 3451 352 3526 Corpus.
394 3451 442 3507 An
457 3447 505 3506 hic
518 3458 628 3523 peccat,
643 3446 696 3502 sub
710 3457 823 3506 noctem
837 3443 885 3520 qui
898 3461 969 3520 puer
982 3461 1065 3502 uvam

234 3529 380 3586 Furtivam
393 3538 484 3585 mutat
497 3527 597 3604 strigili
609 3528 621 3582 l
640 3527 688 3601 qui
701 3525 808 3601 praedia
821 3523 928 3595 vendit,

234 3609 284 3666 Nil
299 3607 408 3678 servile,
421 3605 496 3682 gule
509 3625 622 3681 parens,
637 3605 741 3661 habetl
782 3603 877 3675 Adde,
892 3599 968 3678 qudd
982 3602 1058 3661 idem
1143 3604 1182 3662 85

233 3687 302 3745 Non
317 3687 414 3742 boram
428 3696 524 3742 tecum
538 3704 600 3742 esse
614 3694 710 3759 potes3
732 3702 790 3740 non
803 3681 861 3741 otia
874 3679 953 3740 recte

233 3767 362 3834 Ponere3
383 3773 467 3838 teque
481 3763 575 3840 ipsum
589 3763 669 3834 vitas,
684 3761 819 3838 fugitivus
833 3770 864 3818 ut
876 3780 949 3835 erro,

1109 3846 1157 3880 vr
