2706 4362
545 349 684 398 EPODON
701 349 816 398 LIBER.

340 491 479 568 Pridsque
493 492 597 550 eoelum
612 492 685 549 sidet
698 492 913 565 infermentati,

498 570 616 628 Tellure
629 572 761 647 porreeti
775 589 869 646 super,

339 647 439 713 Quem
452 669 511 710 non
525 669 621 708 amore
635 651 677 706 sie
690 669 755 708 meo
770 649 882 725 flagres,
896 646 938 708 uti

366 761 374 773 ·
462 783 464 790 ,
498 730 634 788 Bitumen
648 729 716 786 atris
730 728 872 804 ignibus.''

341 808 404 866 Sub
417 810 480 866 hreo
493 825 564 884 puer
575 808 635 886 jam
649 827 716 880 non,
731 818 763 864 ut
777 807 855 880 ante,
869 806 1001 865 mollibus

500 887 604 944 Lenire
618 887 711 944 verbis
725 887 839 962 impins3
920 893 926 912 ¹

343 966 412 1038 Sed,
426 965 531 1023 dubius
544 966 621 1022 unde
636 976 779 1040 rumperet
793 965 946 1038 silentium,

501 1042 582 1101 Misit
595 1043 757 1118 Thyesteas
770 1062 886 1119 preces:

343 1127 361 1154 “
371 1122 505 1195 Venena,
520 1142 657 1198 magnum
672 1122 713 1179 fas
727 1121 872 1197 nefasque,
887 1141 945 1180 non
958 1122 1053 1180 valent

502 1201 676 1259 Convertere
691 1203 845 1258 humanam
859 1201 959 1259 vioem.

341 1280 419 1342 Diris
432 1299 516 1357 egam
530 1300 596 1338 vos:
618 1281 680 1338 dira
693 1280 844 1338 detestatio

497 1359 528 1416 N
530 1360 588 1419 ullti
602 1360 731 1435 expiatur
745 1358 870 1416 victimis.

339 1438 432 1511 Quin,
446 1439 495 1496 ubi
508 1438 601 1515 perire
612 1442 708 1514 jussus
721 1438 912 1514 exspiravere,

498 1517 667 1576 Nocturnus
679 1537 830 1576 oeourrom
844 1516 947 1587 Furor,

339 1596 495 1671 Petpmque
508 1597 602 1654 vultus
615 1598 716 1654 umbra
729 1596 824 1654 curvis
838 1595 992 1671 unguibus,

499 1674 576 1736 Quae
590 1677 632 1734 vis
646 1675 774 1733 Deorum
788 1686 832 1731 est
846 1672 994 1741 Manium

342 1751 381 1808 Et
394 1752 529 1824 inquietis
543 1754 678 1806 adsidens
690 1752 865 1824 praecordiis

500 1826 609 1885 Pavore
623 1845 737 1884 somnos
747 1826 882 1884 auferam.

343 1908 403 1966 Vos
416 1906 500 1965 turbe
513 1905 628 1962 vicatim
643 1905 711 1962 hino
724 1915 753 1962 et
767 1905 836 1963 hino
850 1905 925 1963 sexis
934 1915 1034 1981 petens

500 1984 667 2042 Contundet
679 1984 831 2042 obsooenas
843 2003 924 2041 enus.

341 2061 412 2124 Pdst
424 2064 567 2140 insepulto
581 2064 710 2132 membre
722 2063 857 2121 different
869 2063 930 2139 lupi

485 2143 538 2203 ·Et
551 2143 708 2218 Esquiline
723 2143 821 2200 alites:
1115 2141 1171 2200 100

339 2221 443 2300 Neque
457 2223 512 2281 hoe
525 2234 669 2298 parentes,
684 2223 757 2279 heu!
780 2221 851 2280 mihi
865 2221 1045 2300 superstites!

498 2301 639 2380 Effugerit
652 2301 876 2378 speetaoulurn.''

593 2696 679 2755 ODE
700 2696 754 2755 VI.

319 2834 352 2873 IN
374 2832 503 2873 cussum
524 2833 676 2884 SEVERUM,
697 2831 820 2870 nonum
840 2832 1030 2875 Msnunlcnu.

339 2931 426 2992 Qum
439 2931 622 2988 immerentes
635 2928 760 3003 hospites
774 2949 868 3004 vexas,
883 2935 973 3008 cenis,

497 3005 623 3082 Ignarus
637 3007 787 3064 adversum
801 3008 901 3084 luposl

341 3087 424 3149 Quin
437 3087 496 3143 huo
510 3087 620 3156 inanes,
635 3085 658 3142 si
672 3096 762 3161 potes,
777 3088 861 3147 vertis
875 3090 978 3161 minas,

500 3164 538 3221 Et
551 3183 598 3220 me
613 3181 805 3220 remorsurum
818 3165 910 3240 petisl

341 3245 429 3318 Nam,
443 3243 534 3320 qualis
549 3253 598 3300 aut
611 3240 753 3300 Molossus
768 3253 817 3299 aut
831 3244 923 3302 fulvus
936 3245 1035 3306 Laoon

499 3323 603 3382 Amica
618 3322 659 3379 vis
672 3322 841 3398 pastoribus,

340 3405 435 3482 Agem
449 3422 499 3480 per
514 3402 584 3460 ultas
599 3421 667 3460 eure
681 3402 793 3460 sublate
806 3403 896 3475 nives,

496 3481 688 3558 Quoeounque
702 3482 845 3558 precedet
859 3482 925 3540 fere.

341 3561 401 3634 Tu,
414 3580 502 3637 quum
516 3561 644 3620 timendi
657 3581 727 3620 vooe
741 3557 892 3636 oomplisti
906 3579 1016 3636 nemus,

498 3639 662 3717 Projeotum
675 3639 803 3697 odoraris
817 3639 921 3699 eibum.
1056 3644 1060 3651 '
1131 3643 1169 3701 10

341 3718 430 3792 Cere,
444 3736 524 3791 eave,
538 3736 660 3794 namque
674 3718 704 3774 in
718 3718 807 3777 malos
821 3721 991 3797 asperrimus

499 3797 601 3858 Parata
614 3797 682 3857 tollo
696 3815 819 3858 cornus:

1036 3293 1045 3320 ἰ
