2704 4362
154 271 212 330 19⁰
478 263 509 322 o.
527 262 814 315 nomnrrrmccr

190 407 266 481 Neo.
281 408 469 483 quodcunque
483 409 566 478 volet,
575 416 675 481 possm
687 405 742 463 sibi
756 404 850 462 fabula
862 407 958 476 credi,

190 486 221 546 N
223 506 259 545 eu
273 505 382 563 pransae
396 486 504 544 Lamie
517 485 611 542 vivum
624 502 745 560 puerum
758 484 886 542 extrahat
895 484 965 543 alvo.
1088 487 1150 546 340

191 565 336 624 Centurio)
350 565 492 622 seniorum
506 563 614 643 agitant
627 561 756 638 expertia
770 561 874 638 frugis;
896 601 899 608 ·

192 644 269 702 Celsi
282 652 453 720 preteream
463 651 575 700 austera
587 644 721 716 poermta
734 639 899 698 Rhamnest
943 695 945 704 ,

191 723 287 780 Omne
301 721 365 780 tulit
377 733 526 796 puuctum,
540 719 588 795 qui
602 719 717 776 miscuit
730 718 799 777 utile
810 719 898 792 dulci,

191 800 342 858 Lectorem
355 799 525 858 delectando
537 798 696 874 pariterque
706 797 860 856 monendo.
1336 815 1337 864 ς

192 877 251 936 Hic
265 890 354 937 meret
367 897 423 935 {era
435 878 506 935 liber
519 876 626 947 Sosiis3
649 876 696 934 bio
709 887 738 934 et
751 895 830 933 mare
844 877 953 950 transit,
1085 879 1146 937 uls
1336 877 1337 900 ¹

191 957 230 1014 Et
242 958 359 1033 longum
373 967 441 1014 noto
454 955 582 1032 scriptori
596 965 727 1032 prorogat
741 973 839 1012 terum.
900 957 903 960 ’

232 1037 306 1094 Sunt
320 1035 425 1093 delicta
437 1046 534 1094 tamen
548 1033 650 1110 quibus
663 1033 804 1110 ignovisse
818 1033 952 1092 velimus:

192 1113 269 1174 Nam
284 1133 377 1190 neque
390 1113 497 1172 chorda
510 1131 612 1172 sonum
626 1113 719 1171 reddit
729 1131 814 1187 quem
827 1111 887 1170 vult
896 1131 998 1170 manus
1011 1123 1040 1171 et
1052 1133 1143 1188 mens,

192 1193 382 1269 Poscentique
394 1211 509 1268 gravem
522 1189 648 1269 persaepd
663 1191 781 1249 remittit
794 1202 927 1261 acutum;

192 1270 223 1330 N
224 1291 259 1330 ec
272 1291 382 1348 semper
396 1271 477 1330 feriet
491 1273 679 1347 quodcunque
694 1271 849 1328 minabitur
862 1289 953 1328 arcus.
1084 1273 1144 1330 350
1330 1215 1337 1452 ἱ

193 1348 313 1422 Verdm,
328 1351 376 1407 ubi
385 1350 467 1426 plura
480 1351 571 1407 nitent
584 1349 615 1406 in
629 1349 766 1420 carmine,
781 1368 839 1407 non
852 1367 906 1424 ego
919 1350 1018 1424 paucis

192 1427 330 1486 Offendar
344 1428 473 1500 maculis,
491 1446 561 1503 quas
574 1438 623 1490 aut
633 1428 743 1486 incuria
757 1427 838 1498 firdit,

193 1507 255 1565 Aut
269 1509 393 1564 humana
405 1526 504 1583 parum
520 1507 593 1565 cavit
606 1506 838 1568 natura-Quid
851 1507 920 1582 ergo
932 1518 974 1565 est
982 1509 1034 1564 l·-

193 1585 232 1643 Ut
245 1587 364 1662 scriptor
378 1587 402 1643 sl
414 1597 515 1662 penem
528 1586 604 1643 idem
618 1581 748 1643 librarius
761 1603 859 1662 nsque,

192 1664 335 1726 Quamvis
348 1677 391 1722 est
405 1666 539 1736 monitus,
554 1663 637 1722 venit
650 1675 743 1733 caret;
763 1674 794 1721 et
807 1664 979 1722 citharedus
1083 1665 1143 1724 355

193 1743 329 1816 Ridetur,
342 1744 450 1802 obordd
464 1743 512 1819 qui
525 1762 637 1820 semper
649 1744 761 1800 oberrat
774 1742 892 1800 eidem:

195 1822 246 1880 Sic
259 1823 339 1895 mihi,
353 1823 401 1902 qui
415 1820 536 1882 multum
550 1833 651 1894 cessat,
666 1822 697 1880 fit
711 1821 853 1880 Choerilus
866 1821 925 1892 ille,

193 1900 293 1962 Quem
307 1901 351 1958 bis
364 1912 461 1976 terque
476 1903 580 1960 bonum
594 1919 661 1959 cum
674 1901 733 1958 risu
746 1901 848 1968 miror;
869 1909 899 1957 et
911 1900 987 1957 idem

193 1977 342 2054 Indignor,
355 1981 525 2056 quandoque
536 1981 627 2038 bonus
641 1979 773 2037 dormitat
787 1979 939 2037 Homerus.

194 2054 304 2115 Verium
317 2059 395 2133 operi
409 2058 495 2133 longo
509 2058 550 2116 fas
563 2069 607 2116 est
619 2059 754 2135 obrepere
768 2075 908 2116 somnum.
1086 2057 1144 2114 360

233 2133 272 2190 Ut
284 2134 404 2210 pictura,
418 2136 532 2208 poesim
552 2137 605 2193 erit
618 2155 691 2211 quae,
705 2137 729 2192 si
742 2134 858 2212 propibs
871 2147 937 2207 stes,

192 2209 240 2269 Te
254 2213 348 2286 capiet
361 2209 461 2286 magis,
476 2223 505 2268 et
518 2215 658 2285 quedam,
671 2215 696 2270 si
709 2215 756 2270 lon
779 2213 823 2270 ‘bs
834 2215 934 2270 abstes.

193 2287 268 2346 Hac
281 2299 357 2346 amat
369 2289 538 2356 obscurum
559 2290 633 2344 volet
646 2290 708 2344 haec
722 2309 756 2344 su
788 2291 854 2346 luce
864 2291 962 2361 videri,

194 2365 213 2422 J
214 2365 306 2424 udicis
320 2376 527 2442 argutumque
540 2385 598 2424 uon
613 2365 744 2424 formidat
757 2385 897 2426 acumen:

194 2443 268 2502 Hac
281 2444 388 2520 placuit
400 2443 498 2517 semel,
513 2446 575 2502 hac
589 2445 685 2503 decies
698 2445 817 2520 repetita
829 2443 960 2520 placebit.
1085 2446 1144 2504 365

233 2523 262 2579 O
277 2523 364 2598 major
375 2523 523 2599 juvenum,
537 2523 665 2597 quamvis
677 2534 707 2580 et
720 2541 789 2580 voce
803 2525 922 2598 paterni

193 2599 327 2676 Fingeris
340 2601 376 2658 ad
389 2612 509 2672 rectum,
523 2611 552 2657 et
562 2621 612 2677 per
626 2601 751 2676 templs,
765 2602 820 2658 boc
834 2601 885 2658 tibi
898 2602 1007 2660 dictum

193 2677 279 2736 Tolle
293 2698 420 2737 memor:
441 2681 526 2738 certis
539 2680 665 2738 medium
679 2689 708 2736 et
720 2677 865 2736 tolerabile
878 2681 963 2738 rebus

105 2769 112 2786 '
194 2755 289 2815 Recte
304 2758 432 2816 concedi.
474 2758 629 2816 Consultus
640 2759 720 2835 juris,
734 2767 763 2816 et
776 2768 854 2816 actor

194 2836 353 2894 Causarum
368 2837 529 2909 mediocris,
543 2837 623 2896 abest
636 2838 737 2894 virtute
752 2836 849 2895 diserti
1084 2837 1143 2894 370

194 2915 335 2988 Messala,
350 2934 405 2972 nec
418 2917 472 2972 scit
484 2913 621 2990 quantiam
635 2915 793 2974 Cascellius
806 2916 899 2974 Aulus
910 2938 917 2986 3

195 2995 252 3052 Sed
267 3004 362 3054 tamen
377 2994 406 3052 in
419 2995 510 3070 pretio
523 3004 582 3052 est:
604 2995 795 3061 mediocribus
808 3014 870 3052 esse
883 2995 976 3071 poetis

193 3073 262 3131 Non
277 3073 417 3146 homiues,
431 3092 488 3132 non
502 3071 543 3145 di,
556 3093 614 3130 non
629 3071 798 3132 concessere
812 3074 960 3132 columna.

193 3151 233 3208 Ut
247 3163 341 3227 gratas
355 3153 554 3210 iateranenses
568 3153 734 3228 symphonia
745 3153 862 3225 discors,

194 3229 232 3286 Et
241 3248 367 3288 crassum
381 3243 570 3306 unguentum,
581 3242 610 3288 et
624 3227 715 3288 Sardo
728 3249 795 3288 cum
809 3232 893 3290 melle
904 3250 1025 3308 papaver
1084 3229 1144 3288 375

193 3307 363 3380 Offendunt,
377 3319 487 3384 poterat
500 3309 567 3366 duci
580 3309 647 3383 quia
660 3327 743 3366 coeua
756 3309 817 3366 sine
833 3311 907 3379 istis3

195 3387 245 3442 Sic
259 3387 362 3444 animis
374 3397 472 3446 natum
487 3388 689 3460 inventumque
702 3390 806 3461 poema
816 3387 957 3462 juvandis,

195 3464 227 3520 Si
240 3463 356 3538 paulirm
371 3485 388 3521 a
401 3483 512 3524 summo
525 3466 664 3536 discessit,
680 3465 768 3540 vergit
782 3465 818 3522 ad
831 3466 929 3522 imum.

233 3539 346 3598 Ludere
359 3543 407 3616 qni
420 3544 523 3616 nescit,
538 3543 742 3620 campestribus
755 3543 877 3600 abstinet
891 3545 986 3615 manis,

194 3614 386 3690 Indoctusque
400 3620 464 3693 pilae
478 3622 585 3678 disciie
598 3623 724 3678 trochive
737 3619 867 3694 quiescit,
1086 3619 1145 3676 38⁰

194 3688 242 3748 Ne
256 3691 352 3764 spissa
363 3693 450 3752 risum
464 3696 563 3756 tollant
576 3695 692 3774 impuud
707 3711 835 3758 corone:
863 3713 868 3723 '

1098 3903 1145 3926 ...d
