2704 4362
591 334 829 451 uns-rosmcr.

256 513 388 590 Scriptor-
430 511 610 572 Honoratum
625 515 649 572 si
660 513 732 572 fortd
746 515 860 592 reponis
868 515 1024 590 Achillem,
1053 506 1059 517 '

253 591 389 669 Impiger,
401 592 566 664 iracundus,
581 594 771 666 inexorabilis,
786 613 861 666 acer,

254 670 326 728 lura
338 671 491 746 uegetxsibi
505 682 584 742 nata,
597 670 667 728 nihil
681 691 739 728 non
753 691 816 729 arro
835 682 864 728 et
877 674 979 730 armis}

255 750 300 806 Sit
313 748 419 806 Medea
431 749 510 806 ferox
523 749 694 824 invictaque,
709 749 810 806 flebilis
816 691 888 823 ino,

254 827 385 886 Perfidus
399 826 490 898 Ixion,
504 826 538 885 Ic
552 835 633 904 va‘ga,
647 828 734 903 tristis
747 827 873 886 Orestes.

295 907 327 963 Si
341 907 409 980 quid
423 907 601 981 inexpertum
615 925 709 963 scene
723 907 885 978 committis,
900 919 929 965 et
943 909 1031 966 audes

255 985 411 1044 Personam
425 983 546 1040 formare
561 1003 678 1057 novam,
688 980 813 1042 servetur
827 986 863 1042 ad
877 985 966 1042 imum

254 1063 360 1124 Qualis
374 1063 411 1119 ab
423 1062 539 1137 incepto
552 1063 731 1138 processerit,
744 1074 774 1120 et
787 1064 844 1135 sibi
855 1063 974 1122 constet.

256 1141 380 1200 Difficile
394 1152 438 1198 est
451 1139 564 1216 proprie
578 1142 742 1202 communia
756 1142 866 1198 dicere:
881 1153 966 1216 tuque
988 1151 989 1158 ’

255 1217 379 1300 Rectius
394 1219 514 1278 Iliacum
529 1239 645 1277 carmen
659 1221 778 1277 deducis
791 1221 821 1276 in
835 1230 926 1292 actus,

253 1298 354 1360 Quam
367 1299 392 1356 si
405 1298 544 1374 proferres
558 1299 655 1374 ignota
669 1299 831 1373 indictaque
844 1299 959 1374 primus.

254 1377 373 1436 Publica
387 1377 520 1434 materies
533 1377 634 1452 privati
646 1377 717 1451 juris
730 1378 794 1448 erit,
808 1378 832 1434 si

254 1457 284 1514 N
285 1476 320 1515 ec
333 1459 411 1514 circa
423 1456 507 1513 vilem
521 1457 704 1532 patulumque
719 1456 873 1513 moraberis
886 1457 983 1514 orbem
996 1478 1002 1525 ;

255 1535 320 1592 Nec
334 1535 450 1592 verbum
464 1534 550 1590 verbo
563 1535 676 1592 curabis
686 1535 816 1606 reddere,
830 1533 904 1591 fidus

256 1613 416 1688 Interpres3
431 1631 486 1669 nec
500 1611 614 1668 desilies
627 1612 751 1670 inritator
765 1613 794 1669 in
809 1624 929 1685 arctum,

255 1691 340 1749 Unde
353 1691 455 1766 pedem
467 1689 695 1765 proferre'pudor
708 1701 792 1761 vetet,
807 1701 856 1747 aut
869 1691 962 1764 operis
974 1691 1029 1748 lex.

296 1769 361 1826 Nec
375 1769 417 1825 sic
431 1767 560 1842 incipies,
575 1778 606 1824 ut
620 1768 738 1842 scriptor
752 1768 879 1842 cyclicus
889 1768 974 1824 olim:

258 1847 443 1906 “Fortunam
458 1845 564 1902 Priami
579 1846 700 1903 cantabo
714 1856 743 1902 et
756 1845 851 1902 nobile
865 1844 998 1902 bellum.’'

255 1927 338 1990 Quid
352 1925 472 2001 dignum
485 1935 563 1982 tanto
577 1924 648 1982 seret
661 1924 707 1982 hic
721 1924 871 2000 promissor
886 1923 984 1980 hiatul

255 2005 421 2063 Parturiunt
434 2014 555 2077 montes,
570 2015 702 2060 nascetur
716 2003 853 2060 ridiculus
867 2020 938 2058 mus.

254 2081 376 2147 Quanto
391 2081 498 2140 rectilis
511 2083 559 2139 hic
573 2083 621 2157 qui
635 2083 674 2138 nil
689 2081 803 2140 molitur
817 2078 931 2156 inepte!

256 2169 274 2196 ‘⁴
284 2162 341 2220 Dic
355 2161 435 2233 mihi,
452 2160 545 2233 Musa,
561 2163 661 2232 virum,
676 2172 766 2236 captae
780 2171 845 2235 post
857 2171 983 2234 tempora
997 2159 1103 2236 Trojae,

253 2241 316 2305 Qui
330 2259 424 2296 mores
438 2239 584 2296 hominum
599 2240 750 2296 multorum
767 2238 835 2294 vidit
848 2249 877 2295 et
891 2238 1002 2295 urbes.’'

255 2320 324 2378 Non
339 2320 447 2376 fumum
461 2337 497 2375 ex
510 2317 629 2394 fulgore,
644 2318 693 2374 sed
707 2336 744 2374 ex
757 2316 835 2374 fumo
848 2317 916 2374 dare
930 2317 1024 2374 lucem

255 2400 380 2474 Cogitat,
395 2408 427 2454 ut
440 2397 568 2472 speciosa
582 2397 687 2453 dehinc
700 2397 838 2452 miracula
851 2406 970 2470 promat,

256 2477 433 2552 Antiphaten
448 2475 627 2549 Scyllamque
641 2485 670 2531 et
683 2493 749 2531 curn
763 2473 891 2550 Cyclope
902 2469 1067 2549 Charybdin
1075 2495 1082 2545 ;
1147 2475 1203 2533 145

256 2555 321 2614 Nec
335 2555 455 2612 reditum
471 2553 619 2610 Diomedis
633 2554 669 2609 ab
682 2552 797 2611 interitu
812 2551 961 2628 Meleagri,

255 2635 321 2692 Nec
335 2633 450 2710 gemino
464 2632 571 2690 bellurn
585 2631 743 2709 Trojanum
757 2632 866 2689 orditur
880 2633 916 2690 ab
928 2651 989 2690 ovo.

257 2714 377 2788 Semper
393 2711 428 2769 ad
442 2723 575 2770 eventurn
590 2711 719 2780 festinat3
740 2712 812 2768 etin
827 2711 936 2767 medias
949 2729 1006 2781 ree,

255 2792 323 2849 Non
338 2810 421 2847 secus
436 2810 470 2847 ac
483 2801 575 2861 notas,
590 2790 746 2847 auditorem
759 2790 851 2863 rapit;
872 2800 911 2860 et,
925 2807 987 2863 quae

255 2869 395 2944 Desperat
408 2878 529 2926 tractata
542 2869 681 2924 nitescere
695 2885 787 2941 posse,
801 2866 934 2940 relinquit
945 2887 952 2934 ;

257 2948 353 3023 Atque
367 2947 406 3003 ita
419 2945 565 3014 mentitur,
580 2945 621 3000 sic
631 2945 707 3001 reris
722 2943 791 3000 salsa
804 2945 946 3016 remiscet‚

257 3026 353 3083 Primo
366 3043 404 3080 ne
419 3022 555 3092 medium,
570 3022 664 3079 medio
678 3040 714 3078 ne
727 3022 869 3098 discrepet
882 3023 980 3079 imum.

296 3103 356 3175 Tu,
369 3102 438 3178 quid
451 3121 506 3177 ego
519 3111 549 3157 et
561 3101 681 3176 populus
695 3118 808 3156 mecum
822 3101 973 3170 desideret,
988 3099 1071 3157 audi:

257 3185 289 3242 Si
302 3181 440 3260 plausoris
453 3199 522 3256 eges
532 3179 622 3235 aulaea
635 3178 786 3248 manentis,
799 3189 828 3234 et
841 3196 930 3252 usque

257 3261 380 3333 Sessuri,
394 3261 487 3318 donec
501 3269 609 3330 cantor,
624 3257 710 3314 ‘svor
723 3256 876 3333 plaudite,''
889 3257 975 3328 dicat,

257 3342 363 3401 AEtatis
377 3340 514 3415 cujusque
528 3336 645 3396 notandi
660 3347 727 3394 sunt
740 3336 791 3393 tibi
806 3355 909 3407 mores,
945 3332 948 3340 ’

258 3420 467 3494 Mobilibusque
481 3419 568 3475 decor
582 3415 692 3474 naturis
706 3416 818 3473 dandus
830 3425 860 3472 et
874 3414 964 3471 annis.

258 3498 394 3556 Reddere
408 3498 455 3572 qui
469 3515 554 3554 voces
565 3496 625 3572 jam
639 3495 692 3551 scit
705 3513 785 3570 puer,
800 3505 828 3550 et
841 3494 913 3568 pede
927 3501 1005 3550 certo

150 3602 163 3622 ν
260 3577 362 3652 Signat
375 3576 502 3647 humum,
516 3575 602 3652 gestit
614 3574 730 3650 paribus
743 3573 896 3644 colludere,
911 3581 940 3628 et
953 3571 1023 3628 iram

259 3655 376 3730 Colligit
389 3672 423 3709 ac
435 3654 515 3728 pouit
528 3650 647 3724 temere,
663 3662 692 3708 et
712 3661 837 3709 mutatur
852 3651 881 3708 in
896 3652 987 3709 horas.

260 3731 411 3791 Imberbus
421 3731 544 3806 juvenis,
557 3732 674 3790 tandem
688 3731 806 3787 custode
820 3740 938 3803 remoto,

259 3812 374 3870 Gaudet
387 3810 466 3886 equis
480 3812 655 3884 canibusque
669 3819 698 3866 et
711 3809 799 3884 aprici
812 3809 940 3886 gramine
954 3807 1072 3884 Campi;

260 3892 371 3950 Cereus
385 3888 415 3950 in
429 3888 529 3945 vitium
542 3888 628 3960 flecti,
643 3887 828 3945 monitoribus
842 3905 932 3965 asper,

503 3966 567 4024 16*
597 3970 602 3979 '
