2756 4366
532 363 733 416 CARMINUM
751 366 817 417 ΜΒ.
835 367 856 417 l.

356 509 468 566 Imbelli
481 509 592 567 cithard
605 511 733 568 carmina
746 511 872 580 divide=;

512 586 715 665 Nequidquam
728 587 852 647 thalamo
866 590 967 665 graves

356 666 472 739 Hostus,
487 677 515 723 et
529 667 632 724 calami
646 667 757 742 spicula
769 667 881 740 Gnosii,

353 745 476 818 vitabis,
491 745 705 821 strepitumque,
719 757 748 804 et
762 747 884 804 celerem
899 748 978 822 sequi

355 824 493 902 Ajacem:
514 835 621 898 tamen,
636 825 692 882 heu
706 826 801 882 serus!
823 827 964 884 adulteros

513 904 616 962 Crines
629 905 743 981 pulvere
757 905 882 964 colliues.

356 980 424 1038 Non
438 982 621 1054 Laertiaden,
636 985 753 1042 exitium
767 997 823 1041 tuae

354 1059 467 1132 Gentis,
481 1079 538 1117 non
553 1061 666 1135 Pylium
678 1063 801 1120 Nestora
814 1063 951 1139 respicisl

353 1138 464 1216 Urgent
478 1139 611 1216 impavidi
625 1150 653 1197 te
670 1141 843 1198 Salaminius

512 1217 638 1290 Teucer,
652 1230 681 1276 te
697 1220 850 1276 Sthenelus
864 1219 958 1277 sciens

353 1297 472 1374 Pugnae,
487 1297 545 1354 sive
558 1317 630 1374 opus
643 1308 686 1354 est
700 1299 861 1374 imperitare
875 1300 964 1374 equis,

351 1375 419 1434 Non
434 1376 533 1451 auriga
545 1377 633 1452 piger.
675 1376 826 1435 Merionen
839 1397 950 1454 quoque

352 1453 471 1514 Nosces.
507 1455 585 1512 Ecce
600 1455 666 1513 furit
679 1466 707 1514 te
721 1457 843 1532 reperire
858 1469 938 1514 atrox

511 1533 650 1609 Tydides,
664 1537 764 1592 melior
777 1546 874 1611 patre:

351 1612 450 1675 Quem
463 1622 504 1686 tu,
519 1631 618 1671 cervus
633 1611 674 1671 uti
688 1615 767 1672 vullis
781 1615 811 1672 iu
825 1615 914 1672 elterd

351 1691 453 1750 Visum
467 1703 545 1769 parte
559 1694 657 1770 lupum
672 1695 809 1770 graminis
823 1695 981 1765 immernor,

355 1769 477 1825 Sublimi
491 1771 582 1842 fugies
595 1773 688 1828 mollis
702 1773 838 1842 anhelitu,

511 1845 579 1904 Non
593 1847 648 1904 hoc
662 1848 803 1923 pollicitus
816 1859 881 1906 tuae.

353 1923 498 1985 Iracunda
510 1925 585 1982 diem
600 1927 723 2002 proferet
737 1925 792 1985 llio

353 2002 547 2080 Matronisque
562 2006 706 2082 Phrygum
721 2005 818 2066 classis
833 2007 977 2067 Achillei:

353 2083 422 2142 Post
435 2095 527 2141 certas
540 2085 650 2142 hiemes
663 2097 726 2143 uret
740 2086 871 2143 Achaius

510 2161 592 2239 Ignis
607 2163 778 2240 Pergameas
792 2165 920 2222 domos.”

563 2387 566 2394 .

598 2478 683 2534 ODE
703 2479 786 2538 XIV.

603 2615 775 2657 PALrNomA.

343 2689 367 2704 ‚e
374 2675 391 2710 'r
433 2693 434 2701 t
651 2691 665 2704 ι

351 2715 379 2772 Ο
389 2711 497 2773 nihrma
511 2716 635 2792 pulchri
646 2717 704 2774 filia
718 2717 871 2794 pulchrior,

349 2792 448 2856 Quem
462 2796 622 2854 criminosis
635 2815 750 2870 cunque
765 2797 840 2854 voles
854 2799 971 2856 modum

427 2873 521 2930 Pones
535 2874 652 2941 iambis;
674 2875 732 2930 sive
747 2873 870 2949 flammai,

519 2951 585 3030 Sive
599 2951 669 3008 mari
683 2953 752 3010 libet
766 2953 923 3014 Hadriano.

350 3029 418 3088 Non
432 3029 625 3106 Dindymene,
640 3051 697 3090 non
709 3035 800 3108 adytis
814 3037 904 3108 quatit

350 3107 480 3166 Mentem
494 3110 671 3166 sacerdotum
686 3112 780 3167 incola
793 3112 922 3184 Pythius,

406 3223 411 3233 «
430 3184 498 3242 Non
513 3184 704 3259 Liberaeque,
719 3206 777 3243 non
792 3199 877 3244 acuta

508 3264 558 3322 Sic
572 3263 720 3340 geminant
733 3265 910 3340 Corybantes
925 3284 992 3342 aera,

349 3345 460 3402 Tristes
471 3355 502 3402 ut
515 3345 582 3402 irre:
603 3363 673 3420 quas
687 3363 779 3421 neque
793 3343 919 3403 Noricus

349 3423 481 3482 Deterret
493 3423 580 3496 ensis,
594 3443 649 3481 nec
662 3445 739 3482 mure
754 3425 934 3500 naufragum,

427 3501 492 3560 Nec
506 3522 596 3560 saevus
610 3505 694 3580 ignis,
708 3525 764 3562 nec
777 3505 925 3564 tremendo

505 3582 616 3658 Jupiter
630 3585 690 3659 ipse
705 3603 790 3641 ruens
804 3583 935 3644 tumultu.

349 3659 450 3718 Fertur
463 3659 649 3729 Prometheus
663 3664 768 3719 addere
782 3662 902 3741 principi

348 3739 431 3798 Lirno
445 3751 560 3798 coactus
573 3741 740 3816 perticulam
755 3742 879 3818 undique

427 3816 588 3891 Desectam,
603 3830 632 3876 et
645 3817 739 3877 insani
752 3821 842 3880 leonis

505 3898 572 3955 Vim
587 3900 732 3957 stomacho
746 3903 907 3978 apposuisse
921 3915 1025 3962 nostro.
