2704 4362
184 363 242 423 172
506 361 537 416 Q.
555 357 700 408 nonam
717 359 842 408 rnrccr

223 505 409 579 Pulchraque‚
423 512 452 560 et
462 503 569 560 exactis
582 499 731 560 minimirm
745 487 889 572 distende,
902 502 996 560 miror.

222 583 301 642 luter
315 601 377 658 qne
391 582 506 638 verbum
521 581 638 638 emicuit
651 581 675 638 si
689 578 759 638 forte
774 581 920 654 decorum,
933 592 962 638 et

173 713 175 718 .
223 663 255 720 Si
269 681 365 718 versus
377 657 464 737 paulb
478 661 646 717 concinnior
660 678 734 716 unus
743 671 771 716 et
786 659 865 730 alter,
1000 725 1003 735 Ι

222 738 332 816 Injustd
347 751 435 798 toturn
451 739 530 796 ducit
544 739 694 813 venditque
708 742 818 814 poetria.
1131 739 1171 796 75

222 818 360 894 Indignor
373 817 524 892 quidquam
539 817 719 893 reprehendi,
732 835 789 874 non
804 816 869 891 quia
883 813 978 872 orasse

222 896 416 972 Compositum
430 893 578 972 illepideve
592 907 715 971 putetur,
729 896 778 952 sed
792 894 857 970 quia
871 913 975 971 nuper;

222 975 287 1034 Nec
301 976 412 1032 veniam
427 975 558 1049 antiquis,
572 975 622 1031 sed
637 975 772 1030 honorem
787 984 816 1029 et
828 975 943 1047 praemia
956 975 1042 1050 posci.

223 1051 317 1111 Recte
333 1073 425 1110 necne
439 1073 553 1110 crocum
569 1052 705 1128 floresque
718 1052 894 1128 perambulet
908 1054 983 1109 Attae
1006 1125 1009 1132 ⁴
1245 1113 1251 1120 ,

223 1133 333 1190 Fabula
346 1133 371 1189 si
385 1133 523 1203 dubitem,
536 1133 659 1188 clament
673 1131 788 1208 periisse
802 1131 937 1205 pudorem
1127 1131 1170 1188 8⁰

223 1209 330 1269 Cuncti
343 1208 417 1286 penei
434 1221 536 1286 patres,
549 1231 583 1268 ea
597 1229 683 1284 quum
697 1209 903 1286 reprehendere
917 1227 1002 1265 coner
1120 1215 1122 1218 '

222 1291 299 1352 Quae
312 1291 404 1365 gravis
419 1289 554 1364 AEsopus,
567 1308 628 1362 quae
643 1289 742 1344 doctus
759 1287 883 1343 Roscius
897 1288 971 1361 egit:

223 1368 277 1425 Vel
291 1368 357 1443 quia
370 1367 409 1423 nil
425 1377 544 1437 rectum,
558 1367 613 1423 nisi
627 1367 699 1441 qnod
714 1365 820 1454 placuit
834 1366 897 1436 sibi,
911 1366 1036 1433 ducuut;
1131 1419 1134 1426 ,

196 1483 201 1500 .
223 1446 277 1503 Vcl
291 1445 357 1520 quia
371 1455 565 1520 turpe-putant
577 1464 675 1520 parere
689 1445 855 1515 minoribus,
869 1455 909 1516 et,
921 1463 983 1518 quae

223 1522 347 1582 Imberbi
359 1521 495 1596 didicere,
510 1525 593 1581 se‘rres
606 1523 750 1599 perdenda
765 1523 853 1580 lateri.
1128 1522 1171 1578 85

223 1601 288 1659 Jam
303 1602 411 1659 Saliare
425 1601 529 1660 Numae
543 1619 657 1658 carmen
672 1602 720 1676 qui
733 1601 839 1672 laudat,
853 1611 881 1658 et
895 1599 964 1658 illud

223 1680 310 1741 Quod
324 1700 437 1737 mecum
452 1682 563 1756 ignorat
576 1681 653 1738 solus
666 1681 724 1737 vult
737 1681 811 1736 scire
824 1680 923 1752 videri,

223 1758 352 1835 Ingeniis
365 1779 422 1816 non
437 1759 484 1816 ille
497 1760 571 1816 favet
584 1760 748 1835 plauditque
761 1758 888 1836 sepultis,

223 1835 329 1895 Nostra
343 1838 393 1894 sed
406 1838 565 1914 impugnat,
579 1859 631 1896 nos
645 1850 794 1912 nostraque
808 1837 909 1894 lividus
922 1835 990 1896 odit.

222 1914 312 1979 Quod
327 1917 350 1973 si
364 1927 421 1973 tam
435 1917 529 1974 Graiis
543 1918 651 1974 novitas
665 1917 754 1973 invisa
768 1916 867 1972 suisset
1128 1915 1173 1972 9⁰

222 1993 321 2056 Quam
336 1996 426 2066 nobis,
440 1995 507 2070 quid
521 2013 599 2052 nunc
613 2007 688 2052 esset
702 1995 801 2052 vetus?
821 2004 869 2050 aut
883 1994 950 2068 quid
965 1993 1080 2052 haberet

223 2073 311 2134 Quod
324 2073 431 2150 legeret
444 2083 600 2148 tereretque
614 2075 716 2130 viritim
730 2073 862 2148 publicus
876 2074 964 2128 ususl

256 2152 302 2210 ·Ut
314 2150 434 2228 primbm
449 2153 547 2226 positis
561 2153 661 2226 nugari
675 2151 788 2208 Graecia
803 2151 886 2206 bellis

224 2229 328 2306 cepit,
342 2240 371 2288 et
383 2230 413 2285 in
428 2231 525 2286 vitium
542 2229 653 2286 fortunii
667 2229 754 2286 labier
768 2229 858 2303 equit,

224 2305 311 2366 Nunc
325 2307 492 2365 athletarum
507 2308 617 2378 studiis,
631 2325 708 2364 nunc
723 2307 790 2364 arsit
803 2325 940 2381 equorum
950 2329 965 2376 ;v
1127 2307 1171 2364 95

224 2383 374 2444 Marmovis
388 2398 436 2442 aut
449 2386 541 2444 eboris
555 2386 648 2443 fabros
662 2396 710 2443 ent
725 2385 787 2443 aeris
801 2386 920 2456 amavit;

224 2465 378 2540 Suspendit
391 2465 468 2539 picta
483 2467 589 2522 vultum
604 2477 784 2539 mentemque
798 2465 918 2534 tabellal;

223 2541 252 2598 N
255 2562 311 2599 unc
325 2543 499 2614 tibicinibus‚
515 2562 593 2600 nuno
607 2555 649 2600 est
663 2545 758 2618 gavisa
772 2544 923 2617 tragoedis:

224 2622 284 2677 Sub
298 2624 410 2680 nutrice
422 2621 516 2696 puella
530 2623 605 2678 velut
619 2623 643 2678 si
656 2623 766 2678 luderet
780 2623 884 2692 infans,

223 2699 310 2760 Quod
324 2697 430 2775 cupide
440 2701 531 2775 petiit,
545 2697 655 2757 mature
669 2700 754 2775 plena
769 2699 888 2772 reliquit.
1113 2699 1173 2756 10⁰

223 2778 303 2838 Quid
317 2779 409 2853 placet
423 2789 471 2836 aut
485 2781 552 2838 odio
564 2789 616 2851 est,
630 2779 705 2854 quod
719 2797 777 2836 non
791 2777 925 2835 mutabile
939 2779 1063 2835 eredast

223 2855 288 2913 Hoc
301 2875 386 2932 paces
400 2858 525 2915 habuere
540 2860 621 2918 bone
635 2859 767 2933 ventique
781 2857 910 2914 secundi.

262 2934 365 2992 Rome
378 2936 461 2992 dulce
476 2939 525 2993 diu
540 2938 591 2994 suit
605 2949 633 2994 et
648 2939 773 2994 solemne
788 2936 899 2993 reclusit

224 3011 312 3070 Mane
327 3015 412 3072 domo
424 3015 550 3090 vigilare,
563 3016 661 3073 clienti
675 3035 805 3091 promere
815 3015 891 3091 jura,

224 3093 330 3150 Cautes
343 3093 505 3152 nominibus
519 3096 604 3156 rectis
615 3096 774 3172 expendere
789 3113 930 3166 nummoS,
1113 3095 1173 3151 105

170 3179 178 3202 ·'
223 3171 347 3247 Maiores
361 3172 470 3243 audire,
484 3174 587 3231 minori
601 3175 696 3230 dicere
709 3193 760 3249 per
773 3193 836 3250 quae

223 3249 360 3307 Crescere
374 3268 419 3308 res
432 3262 536 3326 posset,
549 3253 639 3309 minui
654 3253 790 3310 damnosa
803 3253 898 3309 libido.

223 3328 345 3386 Mutavit
358 3340 483 3386 mentem
497 3331 617 3405 populns
631 3329 711 3401 levia,
724 3339 752 3388 et
766 3332 840 3387 calet
855 3351 913 3388 nno

224 3409 374 3465 Scribendi
388 3409 498 3466 studio:
519 3409 655 3485 puerique
667 3420 817 3483 patresque
832 3409 920 3466 severi

223 3483 337 3542 Fronde
350 3506 446 3545 comas
460 3488 547 3546 vincti
561 3499 676 3544 coenant
690 3498 718 3544 et
732 3489 858 3550 carmina
872 3489 991 3545 dictant.
1116 3485 1175 3544 tto

224 3559 289 3636 Ipse
302 3583 365 3639 ego,
379 3567 427 3638 qni
441 3569 533 3625 nullos
547 3587 592 3624 me
607 3565 715 3624 affirmo
730 3569 852 3624 scribere
868 3585 975 3638 versus,

224 3638 357 3698 Iuvenior
371 3643 482 3702 Parthis
496 3647 661 3704 mendacior
669 3665 676 3715 ;
698 3655 737 3716 ct,
750 3645 828 3720 privis
841 3656 902 3702 orto

225 3717 301 3786 Sole,
316 3720 381 3793 vigil
395 3725 535 3798 calamum
550 3735 579 3780 et
593 3727 705 3781 chartas
718 3735 747 3780 et
760 3725 865 3780 scrinia
880 3743 974 3797 poseo.

223 3793 334 3852 Navem
350 3814 433 3870 agere
447 3801 564 3872 ignarus
578 3803 657 3857 navis
670 3803 767 3871 timet;
789 3803 957 3857 abrotonum
972 3819 1048 3876 egro

223 3869 293 3929 Non
307 3874 402 3942 audet,
416 3876 470 3928 nisi
483 3877 530 3948 qdi
545 3877 656 3949 didicit,
670 3881 754 3948 dare;
775 3881 848 3954 quod
863 3880 1039 3936 medicorum
1053 3889 1097 3935 est
