2706 4362
503 306 709 358 sarlatum
725 305 792 358 LIB.
810 306 846 356 11.
863 309 886 354 5.
1128 309 1183 368 131

233 453 392 513 Primusat
401 452 528 510 iuveniat
540 450 621 528 piper
634 450 742 523 eibum,
757 467 825 507 amn
838 449 897 508 sale
910 447 993 526 nigro

236 533 390 604 incretum,
402 532 482 607 puris
495 528 858 606 circumposuissecatiilis.
1145 529 1184 586 75

235 611 363 668 Immane
377 622 420 667 est
433 611 532 668 vitium
545 610 614 666 dare
627 608 716 665 millia
728 620 810 666 terna
823 607 953 678 macello,

234 691 420 766 Angustaque
434 708 520 764 vagos
532 687 740 762 pisces'nrgere
753 687 857 744 catino.

144 824 146 828 .
233 767 342 844 Magna
354 779 448 826 movet
461 768 608 825 stomacho
622 765 743 836 fastidia,
756 784 808 824 seu
820 783 891 840 puer
905 762 1000 821 unctis

233 846 381 906 Tractavit
394 845 516 904 adicem
528 845 670 915 manibus,
684 844 751 900 dum
766 843 840 901 finita
859 842 987 919 ligurrit3

234 926 300 983 Sive
314 925 407 1001 gravis
420 924 508 982 veteri
522 935 637 982 craterae
652 923 735 980 lirnu's
749 923 874 981 adhesit.
939 928 942 936 '
1144 918 1184 977 80

234 1005 346 1061 Vilibus
360 1003 390 1062 in
404 1003 507 1078 scopis,
522 1003 552 1062 in
566 1003 684 1078 mappis,
699 1003 729 1060 in
743 1001 839 1079 scobe,
852 1012 974 1077 quantus

236 1082 375 1141 Consistit
388 1083 537 1157 sumptus?
557 1081 706 1158 neglectis,
721 1079 859 1155 flagitium
874 1080 985 1155 ingens.

237 1161 312 1218 Ten'
327 1161 436 1236 lapides
450 1160 541 1218 varios
554 1159 808 1230 lutulenta-radere
821 1157 926 1234 palma,

234 1239 272 1298 Et
286 1240 389 1314 Tyrias
403 1241 471 1298 dare
482 1241 592 1298 circum
606 1238 684 1297 illota
697 1238 797 1296 toralia
810 1247 911 1309 vestes,

234 1318 363 1376 Oblitum
376 1316 482 1394 qnantd
496 1337 595 1380 curam
609 1328 811 1392 sumptumque
824 1315 963 1376 minorem
1143 1311 1183 1370 85

234 1398 308 1456 Haec
322 1399 454 1469 habeant,
468 1393 547 1456 tantd
562 1396 696 1473 reprendi
706 1394 812 1472 justius
827 1393 882 1452 iilis

144 1513 146 1518 ,
233 1476 310 1538 Qum
323 1477 379 1534 nisi
393 1477 526 1534 divitibus
539 1487 683 1550 nequeant
696 1475 864 1550 contingere
876 1472 1005 1531 mensis?

617 1643 761 1676 nonanus.
798 1605 806 1622 ⁸

236 1731 329 1788 Docte
343 1729 418 1800 Cati,
430 1747 481 1804 per
493 1729 649 1786 amicitiam
663 1728 797 1802 divosque
810 1739 936 1804 rogatus,

237 1808 351 1865 Ducere
364 1826 410 1864 me
425 1807 562 1877 anditum,
576 1824 678 1881 perges
691 1803 873 1880 qudcunque,
888 1815 1039 1862 memento.

237 1885 325 1959 Nam,
338 1886 465 1961 quamvis
479 1885 584 1942 referas
598 1885 717 1941 memori
731 1885 801 1940 mihi
814 1895 929 1959 pectore
943 1893 1057 1956 cuncta,
1145 1884 1184 1940 90

237 1964 305 2023 Non
319 1976 415 2022 tamen
429 1965 567 2039 interpres
580 1963 749 2021 tantundem
761 1962 883 2038 juveris:
905 1963 979 2020 adde

236 2044 356 2101 Vultum
377 2043 559 2117 habitumque
573 2042 712 2111 hominis,
733 2060 818 2116 quem
832 2054 862 2099 tu
877 2040 979 2100 vidisse
994 2041 1093 2100 beatus

235 2121 303 2179 Non
317 2121 534 2196 magnipendis,
548 2121 615 2195 quia
628 2121 761 2196 contigit:
783 2130 812 2176 at
824 2119 894 2177 mihi
909 2138 977 2178 eura

234 2199 303 2258 Non
317 2200 468 2257 mediocris
482 2200 565 2271 inest,
581 2199 672 2256 fontes
692 2209 723 2255 ut
734 2199 811 2256 adire
825 2209 947 2258 remotes

234 2280 329 2356 Atque
343 2279 456 2338 haurire
468 2294 571 2354 queam
585 2278 650 2336 vite
663 2288 807 2355 precepta
820 2277 917 2338 bcatae.
1143 2277 1184 2334 95

589 2671 748 2753 sauma
762 2672 804 2734 v,

629 2855 748 2890 ULHBES.

235 2967 301 3026 Hoc
313 2982 433 3041 quoque,
449 2960 573 3032 Tiresia,
586 2972 687 3035 praeter
701 2972 822 3033 narrata,
836 2963 944 3038 petenti

234 3044 401 3122 Responde,
414 3041 516 3116 quibus
530 3039 647 3097 amissas
660 3058 789 3114 reparare
803 3057 905 3115 queam
918 3059 964 3098 res

234 3126 354 3183 Artibus
367 3132 450 3197 atque
464 3117 563 3178 modis.
604 3116 686 3178 Quid
700 3117 796 3175 rides?

625 3283 756 3318 winusus

847 3369 866 3428 J
868 3390 952 3428 amne
966 3370 1063 3430 doloso

233 3457 300 3516 Non
314 3455 381 3515 satis
394 3468 437 3518 est
449 3453 580 3514 Ithacam
592 3452 699 3525 revehi,
713 3452 872 3529 patriosque
886 3451 1009 3508 Penates

234 3536 390 3611 Aspiceret

628 3680 745 3714 nursam.

430 3767 457 3823 Ο
470 3767 540 3825 nulli
554 3767 705 3843 quidquam
724 3767 850 3839 mentite,
865 3765 943 3826 vides
956 3778 989 3825 ut
1157 3771 1177 3826 5

234 3845 339 3906 Nudus
352 3846 487 3922 inopsque
501 3847 617 3903 domum
629 3845 754 3918 redeam,
765 3855 793 3902 te
807 3857 885 3917 vate;
906 3865 998 3922 neque
1011 3847 1070 3906 illic
