2706 4362
161 307 219 368 1³6
374 275 378 284 ’
488 301 519 359 Q.
537 299 681 352 uousrrr
699 299 823 350 rrrccr

239 447 369 506 Perditur
384 447 445 504 hec
459 447 533 504 inter
546 445 650 502 misero
662 445 721 516 lux,
735 462 791 500 non
806 441 970 502 sineretis:

201 529 229 586 Ο
243 547 301 600 rus,
315 527 428 602 quando
442 545 495 601 ego
509 537 537 582 te
552 523 707 599 aspiciaml
728 521 896 597 quandoque
910 522 1017 595 licebit,
1110 523 1151 581 60

200 606 289 664 Nunc
303 617 427 663 veterum
441 604 529 675 libris,
544 621 623 659 nunc
637 621 736 659 somno
750 613 780 658 et
793 601 930 658 inertibus
944 601 1029 673 boris,

200 686 314 744 Ducere
328 684 454 742 sollicite
466 682 594 758 jucundo
604 680 709 738 oblivia
722 681 785 736 vitre
797 681 807 736 l

200 766 229 822 0
242 765 356 839 quando
369 764 443 835 saba,
457 762 623 837 Pythagorae
638 769 769 834 cognata,
783 758 922 832 simulque

200 845 294 901 Uncta
308 841 375 899 satis
389 843 488 918 pingui
502 851 642 917 ponentur
656 838 784 896 oluscula
797 838 896 894 lardol
967 855 972 866 ·

201 922 229 979 Ο
243 936 341 980 noctes
355 939 499 995 coenaeque
513 920 609 990 deirm,
623 919 726 993 quibus
740 918 799 992 ipse
813 916 925 991 meique
1109 920 1150 978 65

204 1004 279 1058 Ante
293 1000 395 1056 Larem
408 1000 551 1076 proprium
566 1016 673 1068 vescor,
687 1014 842 1070 vernasque
856 1013 991 1070 procaces

202 1080 292 1136 Pasco
305 1079 398 1136 libatis
412 1079 547 1153 dapibus!
588 1077 676 1136 Prout
689 1077 792 1150 cuique
809 1075 897 1134 libido
910 1086 963 1147 est,

203 1159 298 1215 Siccat
312 1157 464 1232 inaequales
478 1157 582 1214 calices
596 1157 723 1228 conviva,
738 1155 846 1212 solutus

203 1237 327 1312 degibus
342 1237 465 1293 insanis:
485 1255 536 1293 seu
547 1236 609 1309 quis
623 1235 698 1310 capit
713 1234 789 1292 acria
804 1233 882 1290 fortis

201 1314 317 1384 Pocula,
331 1334 382 1370 seu
395 1315 515 1371 modicis
528 1313 635 1370 uvescit
649 1313 748 1370 laetiirs.
791 1312 867 1388 Ergo
1110 1315 1148 1372 ⁷0
1213 1341 1218 1356 .

202 1394 301 1450 Sermo
314 1393 413 1462 oritur,
427 1411 483 1449 non
499 1393 534 1448 de
548 1392 621 1448 villis
635 1393 800 1449 domibusve
814 1390 924 1462 alienis,

201 1471 265 1529 Nec
280 1469 353 1527 meld
369 1489 462 1527 necne
477 1471 569 1546 Lepos
583 1471 680 1528 saltet:
701 1472 761 1542 sed,
774 1471 848 1544 quod
862 1467 954 1546 magis
968 1469 1003 1526 ad
1016 1488 1069 1528 nos

200 1551 326 1608 Pertinet
340 1560 368 1606 et
382 1550 492 1606 nescire
507 1549 612 1606 malum
626 1561 678 1621 est,
693 1552 847 1626 agitamus;
869 1560 1002 1606 utrumne

200 1629 313 1687 Divitiis
328 1630 466 1700 homines,
481 1648 517 1686 an
532 1629 589 1685 sint
603 1629 705 1686 virtute
717 1629 808 1696 beeti;

199 1708 315 1770 Quidve
329 1709 363 1765 ud
378 1708 528 1779 amicitias,
538 1719 613 1786 'usus
624 1719 780 1778 rectumne,
794 1708 887 1764 trahat
899 1725 969 1776 n0s;
1108 1709 1148 1766 75

201 1787 248 1858 Et,
262 1805 323 1862 quae
338 1787 373 1844 sit
388 1789 488 1846 natura
502 1788 590 1856 boni;
612 1805 809 1861 summumque
823 1786 891 1860 quid
905 1786 975 1862 ejus.

201 1866 321 1923 Cervius
336 1867 396 1922 haec
411 1867 483 1923 inter
497 1867 608 1923 vicinus
622 1867 709 1942 garrit
722 1866 812 1923 aniles

200 1943 245 2000 Ex
258 1963 288 2000 re
303 1945 426 2001 fabellas.
467 1944 543 2003 Nam
558 1946 582 2001 si
596 1946 658 2019 quis
672 1945 767 2002 laudat
780 1942 871 2000 Arelli

201 2022 342 2080 Sollicitas
357 2024 471 2098 ignarus
483 2043 561 2100 opes,
576 2023 618 2079 sic
633 2025 748 2099 incipit:
770 2022 876 2080 “Olim

200 2099 338 2157 Rusticus
352 2103 491 2157 urbanum
506 2121 615 2158 murem
631 2121 693 2158 mus
706 2121 829 2177 paupere
844 2101 930 2158 fertur
1106 2100 1145 2159 80

199 2178 356 2253 Accepisse
370 2197 449 2248 cavo,
463 2189 585 2234 veterem
601 2191 680 2236 vetus
694 2181 795 2255 hospes
808 2179 948 2247 amicum

199 2257 291 2332 Asper
305 2268 333 2313 et
347 2267 470 2312 attentus
482 2256 616 2329 quesitis,
628 2269 659 2313 ut
673 2268 767 2314 tarnen
782 2269 891 2314 arctum

200 2334 326 2392 Solveret
339 2334 466 2409 hospitiis
480 2335 615 2392 animum.
656 2335 737 2396 Quid
751 2335 859 2392 multal
880 2353 974 2411 neque
986 2333 1033 2394 ille

200 2415 321 2489 Sepositi
336 2414 447 2484 ciceris,
460 2432 515 2469 nec
529 2414 621 2489 longe
636 2415 736 2472 invidit
749 2433 861 2471 avene:

199 2493 320 2548 Aridum
335 2505 363 2550 et
376 2511 425 2549 ore
439 2492 532 2549 serens
546 2493 671 2565 acinum,
686 2511 850 2569 semesaque
864 2491 935 2550 lardi
1104 2493 1144 2551 85

199 2569 301 2626 Frusta
312 2571 400 2641 dedit,
415 2571 533 2644 cupiens
547 2573 624 2628 varid
640 2573 750 2628 fastidia
764 2573 847 2629 curnd

199 2649 324 2706 Vincere
339 2649 481 2723 tangentis
495 2647 569 2706 male
584 2650 696 2725 singula
709 2652 794 2707 dente
810 2651 946 2726 superbo:

197 2727 297 2788 Quum
311 2739 390 2802 pater
402 2729 462 2802 ipse
475 2727 577 2786 dormis
590 2729 672 2804 palea
686 2739 831 2805 porrectus
845 2729 874 2785 in
890 2729 979 2788 borni

199 2806 281 2863 Esset
295 2808 363 2864 ador
376 2808 540 2881 loliumque,
552 2808 632 2883 dapis
647 2809 761 2866 meliora
775 2808 945 2882 relinquens.

199 2885 332 2942 Tandem
341 2888 465 2944 urbanus
474 2888 508 2943 sd
519 2888 605 2959 hunc,
615 2892 622 2916 ‘
631 2887 712 2948 Quid
721 2899 748 2944 te
754 2887 852 2963 juvat,'
864 2887 964 2962 inquit,
976 2887 1093 2958 ‘amice
1103 2887 1142 2944 90

198 2965 333 3041 Praerupti
349 2965 473 3022 nemoris
486 2966 641 3040 patientem
655 2967 748 3024 vivere
761 2968 866 3024 dorsol

197 3045 250 3100 Vis
263 3055 293 3101 tu
309 3045 437 3102 homines
451 3046 606 3119 urbemque
621 3045 685 3102 feris
698 3063 861 3123 praeponere
875 3043 972 3102 silvisl

197 3123 290 3199 Carpe
304 3125 387 3196 viam,
402 3124 471 3181 mihi
486 3125 582 3195 crede,
596 3143 701 3197 comes,
715 3125 858 3182 terrestria
871 3124 985 3199 quando

198 3201 332 3258 Mortales
346 3203 455 3260 animas
468 3203 566 3262 vivunt
579 3205 684 3276 sortita,
700 3223 793 3278 neque
807 3204 864 3260 ulla
879 3214 922 3261 est

197 3282 257 3337 Aut
271 3300 375 3356 magno
389 3294 437 3338 aut
450 3301 535 3358 parvo
545 3281 594 3338 leti
608 3283 693 3357 fuga:
714 3301 779 3356 quo,
794 3282 877 3353 bone,
892 3283 978 3353 circa,
1102 3281 1143 3339 95

196 3358 273 3415 Dum
288 3361 363 3432 licet,
378 3361 408 3416 in
420 3363 504 3417 rebus
514 3361 650 3435 jucundis
665 3361 725 3416 vive
740 3362 857 3429 beatus;

195 3437 267 3493 Vive
281 3457 389 3495 memor
402 3438 486 3514 qudm
502 3440 540 3496 sis
555 3439 605 3495 aevi
620 3440 729 3497 brevis'
771 3439 845 3496 Haec
859 3439 907 3496 ubi
921 3439 997 3497 diota

195 3515 346 3590 Agrestem
360 3517 505 3593 pepulere,
520 3519 604 3574 domo
617 3518 685 3574 levis
699 3518 811 3576 exsilit:
833 3519 900 3576 inde

195 3595 291 3649 Ambo
304 3597 474 3670 propositum
489 3609 628 3672 peragunt
643 3598 704 3670 iter,
719 3599 796 3655 urbis
811 3609 926 3654 aventes

196 3670 304 3728 Moenia
318 3676 448 3730 nocturni
463 3678 624 3751 subrepere.
666 3676 786 3752 Jamque
801 3677 916 3734 tenebat
1085 3675 1142 3731 100

195 3748 225 3806 N
228 3769 264 3806 ox
277 3751 403 3806 medium
417 3754 481 3812 coeli
496 3756 627 3828 spatium,
642 3775 727 3830 quum
742 3755 821 3831 ponit
835 3767 951 3830 uterquc

195 3827 231 3885 In
246 3828 384 3902 locuplete
399 3831 482 3887 domo
497 3833 630 3908 vestigia3
652 3835 736 3892 rubro
750 3834 798 3890 ubi
813 3852 901 3892 cocco
