2756 4366
490 293 523 352 Q.
541 293 687 344 HORA'l'll
704 293 829 344 mcc!

551 514 635 573 ODE
655 515 772 574 XXIX.

459 650 500 692 AD
513 652 678 694 FOBTUNAM
691 652 858 692 numanum.

323 752 352 812 Ο
365 771 447 825 mvn,
460 764 572 829 gratum
586 770 649 832 quae
663 752 739 829 regis
753 754 884 826 Antium,
900 777 901 782 ¹

324 831 454 892 Praesens
467 832 511 891 vel
526 833 583 890 imo
596 831 694 889 tollere
708 833 743 889 de
757 832 848 908 gradu

363 909 484 968 Mortale
497 929 609 988 corpus,
623 912 666 968 vel
681 912 817 988 superbos

239 1047 242 1052 ,
402 989 522 1046 Vertere
537 990 682 1046 funeribus
696 989 869 1064 triumphos:

324 1067 371 1125 Te
383 1085 490 1144 pauper
504 1069 592 1124 ambit
606 1067 727 1124 solliciti
741 1086 826 1142 prece

324 1145 414 1203 Ruris
427 1142 561 1214 colonusss
582 1156 610 1202 te
624 1146 769 1202 dominam
784 1145 911 1220 aequoris,

365 1223 543 1298 Quicunque
556 1223 679 1298 Bithyna
693 1225 807 1281 lacessit

402 1302 586 1378 Carpathium
600 1303 718 1378 pelagus
731 1301 837 1360 carini.

323 1380 370 1439 Te
383 1380 482 1438 Dacus
496 1399 585 1456 asper,
599 1390 627 1437 te
640 1381 751 1457 profugi
767 1382 889 1457 Scythae,

323 1459 481 1535 Urbesque,
495 1471 660 1536 gentesque,
675 1472 704 1517 et
718 1461 831 1518 Latium
846 1461 933 1532 ferox,

365 1539 539 1615 Regumque
552 1549 656 1596 matres
670 1540 861 1612 barbarorum,
876 1547 905 1596 et

401 1619 540 1694 Purpurei
554 1630 685 1677 metuunt
698 1620 820 1695 tyranni,

323 1696 465 1773 Iniurioso
478 1717 515 1754 ne
528 1699 601 1774 pede
615 1718 731 1774 proruas

324 1777 454 1836 Stantem
468 1777 641 1850 columnam,
655 1796 712 1834 neu
726 1777 847 1852 populus
860 1777 992 1851 frequens
1013 1811 1018 1820 ·

364 1855 412 1912 Ad
427 1874 506 1912 arma
518 1867 662 1931 cessantes
676 1857 712 1912 ad
726 1875 804 1913 arma

402 1933 545 2005 Concitet,
559 1934 765 2010 imperiumque
780 1935 898 2009 frangat.
976 1955 979 1960 ·

324 2012 371 2070 Te
385 2031 495 2088 semper
509 2013 598 2070 anteit
611 2031 685 2070 saeva
698 2011 873 2084 Necessitas,

324 2091 427 2150 Claros
441 2091 563 2148 trabales
576 2102 605 2149 et
618 2111 725 2149 cuneos
738 2111 826 2149 manu

363 2170 487 2226 Gestans
501 2169 610 2237 ahenb;
632 2189 687 2225 nec
701 2188 815 2225 severus

401 2247 502 2304 Uncus
515 2246 604 2318 abest,
617 2247 813 2322 liquidumque
827 2246 983 2323 plumbum.

322 2325 369 2384 Te
384 2325 456 2402 Spes
469 2336 498 2382 et
512 2325 576 2382 albo
589 2345 653 2383 rara
668 2325 756 2383 Fides
769 2326 836 2383 colit

322 2406 425 2464 Velata
437 2423 547 2482 panno;
570 2425 624 2462 nec
638 2407 771 2463 comitem
785 2406 916 2481 abnegat,

363 2484 515 2559 Utcunque
529 2486 637 2542 mutati
651 2495 780 2562 potentes
924 2481 931 2494 '

403 2564 490 2620 Veste
505 2562 603 2621 domos
617 2565 734 2620 inimica
747 2564 859 2639 linquis.
925 2616 927 2619 .

323 2642 364 2700 At
376 2642 478 2718 vulgus
492 2639 611 2700 infidum
626 2653 655 2700 et
668 2643 800 2700 meretrix
814 2652 888 2699 retro

324 2720 443 2798 Perjura
455 2723 549 2780 cedit:
570 2722 722 2798 diffugiunt
736 2721 815 2778 cadis

362 2799 438 2858 Cum
453 2801 523 2860 saece
537 2801 650 2858 siccatis
664 2801 759 2872 amici,

402 2879 489 2939 Ferre
502 2883 602 2958 jugum
616 2879 720 2956 pariter
734 2879 831 2952 dolosi.

323 2957 425 3016 Serves
436 2961 540 3018 iturum
555 2960 698 3015 Caesarem
714 2959 744 3015 in
758 2959 873 3015 ultimos

322 3035 410 3095 Orbis
423 3038 584 3110 Britannos,
599 3048 627 3094 et
638 3037 774 3114 juvenum
789 3047 890 3094 recens

362 3115 490 3176 Examen
505 3117 574 3175 Eois
588 3116 746 3173 timendum

404 3195 544 3269 Partibus,
558 3196 734 3270 Oceanoque
748 3194 858 3252 Rubro.

322 3273 421 3332 Eheu!
444 3276 609 3334 cicatricum
623 3286 652 3332 et
665 3275 781 3332 sceleris
794 3274 890 3350 pudet,

324 3352 518 3430 Fratrumque.
559 3354 641 3415 Quid
655 3372 708 3410 nos
722 3355 791 3409 dura
805 3347 960 3424 refugimus

363 3432 465 3490 AEtasl
485 3433 552 3508 quid
567 3433 704 3490 intactum
719 3429 821 3488 nefasti

401 3510 567 3586 Liquimust
586 3512 664 3568 unde
677 3527 794 3583 manum
805 3507 939 3584 juventus

322 3586 406 3644 Metu
419 3589 536 3648 deorum
550 3590 709 3648 continuit?
729 3588 831 3664 quibus
950 3599 953 3602 ’

322 3666 363 3724 Pe
400 3667 454 3724 rcit
467 3670 551 3726 arist.
562 3713 569 3726 .
580 3714 587 3726 .
600 3670 629 3727 Ο
643 3669 749 3726 utinam
763 3667 837 3725 novt

380 3745 474 3804 ncude
489 3746 620 3822 diffingas
633 3759 759 3805 retusum
772 3746 802 3804 in

402 3822 578 3902 Massagetas
591 3827 757 3902 Arabasque
771 3825 891 3905 ferruml
