2706 4362
197 355 250 411 154
514 311 545 404 o.
565 346 708 396 nonarn
726 345 849 394 FLAcct

235 489 950 562 Praeconemtonuicensu,sinecriminenotum;
1102 538 1105 546 ,
1142 489 1183 548 55

235 570 271 626 Et
286 589 432 645 properare
446 570 518 639 ioco,
533 580 560 624 et
575 587 695 638 cessare,
709 578 738 623 et
752 586 887 641 quaerere,
901 578 931 623 et
944 567 995 640 uti,

234 650 412 706 Gaudentem
427 649 574 724 parvisque
589 647 732 702 sodalibus
745 658 775 702 et
788 647 845 702 iare
860 657 946 718 certo,

234 727 272 785 Et
286 729 369 798 rudis,
384 739 421 797 et,
436 742 498 802 post
512 725 608 781 decisa
623 725 745 800 negotia,
759 725 877 798 Campo.

235 812 252 835 “
267 806 369 862 Soitari
384 807 452 862 libet
466 826 501 861 ex
515 805 575 878 ipso
589 823 765 878 quaecunque
778 804 882 859 refers:
904 803 951 858 dic

200 885 542 944 aAdcoenamveniatJ’
585 879 988 939 NousanticredereMena:
1142 883 1183 940 60

235 963 332 1020 Mirari
348 983 445 1020 secum
456 965 567 1020 tacitus.
608 961 688 1021 Quid
705 960 813 1016 muita?
835 965 852 990 “
868 957 1027 1036 Benigud,¹'

235 1043 410 1116 Respondet.
453 1047 469 1072 ‘⁴
483 1042 578 1115 Neget
592 1041 639 1096 ille
654 1039 722 1095 mihi
734 1040 763 1094 ‘i''
780 1037 906 1113 “Negat
920 1039 1073 1113 improbus,
1089 1050 1117 1096 et
1131 1051 1159 1098 te

236 1121 372 1195 Negligit,
387 1135 435 1176 aut
449 1121 570 1177 horret.'’
615 1119 758 1175 Vulteium
774 1116 856 1173 mane
872 1117 1018 1192 Philippus

235 1200 311 1256 Vilia
326 1200 495 1255 vendentem
510 1199 636 1254 tunicato
649 1209 743 1252 scruta
757 1197 866 1272 popello

235 1277 377 1352 Occupat,
391 1292 420 1334 et
434 1279 539 1332 salvere
550 1277 631 1351 jubet
644 1277 726 1350 prior.
769 1274 965 1350 lliePhilippo
1141 1277 1181 1333 65

235 1355 379 1412 Excusare
394 1356 516 1412 laborem
531 1365 559 1410 et
575 1355 749 1410 mercenaria
763 1354 865 1424 vincia,
1184 1369 1186 1374 '

234 1431 323 1494 Quod
339 1453 394 1490 uon
411 1431 493 1490 uranei
509 1434 622 1490 domurn
639 1434 773 1501 venisset3
795 1433 926 1508 denique,
940 1430 1015 1507 qubd
1030 1452 1088 1491 non

235 1512 404 1569 Providisset
418 1531 491 1568 eum.
534 1513 611 1568 “Sic
626 1513 764 1586 ignouisse
778 1525 876 1586 putato

234 1589 284 1646 Me
299 1590 358 1661 tibi,
374 1592 396 1647 si
411 1610 507 1647 coenas
523 1591 604 1647 hodie
620 1591 760 1647 rnecum.''
802 1595 820 1621 “
833 1590 870 1647 Ut
883 1591 977 1648 libet.'¹
1020 1590 1130 1666 “Ergo

235 1670 301 1726 Post
315 1689 418 1727 nouam
433 1671 545 1726 venies:
568 1689 645 1726 nuno
660 1671 679 1739 i,
693 1689 751 1726 rem
767 1680 898 1726 strenuus
912 1670 1012 1746 auge.''
1141 1671 1180 1727 70

235 1747 273 1805 Ut
287 1761 401 1805 ventum
416 1749 450 1804 ad
466 1767 575 1806 ooenam
592 1759 643 1818 est,
658 1750 780 1804 dicenda
793 1749 914 1805 tacenda
928 1750 1047 1819 locutus,

235 1826 368 1884 Tandem
383 1829 535 1884 dormitum
550 1829 706 1884 dimittitur.
750 1827 817 1898 Hic,
832 1828 880 1883 ubi
895 1824 968 1902 saep&

234 1904 389 1962 Occultum
404 1907 479 1962 visus
494 1907 644 1963 decurrere
659 1905 744 1981 piscis
759 1907 794 1962 ad
809 1907 933 1977 hamum,

235 1981 324 2040 Mane
338 1985 439 2055 cliens,
453 1997 481 2041 et
492 1985 550 2058 jam
566 1997 659 2041 certus
673 1985 800 2054 conviva,
812 1985 925 2059 jubetur

237 2061 317 2117 Rura
331 2063 492 2118 suburbana
507 2063 622 2118 indictis
636 2081 732 2118 comes
747 2064 786 2117 ire
800 2060 918 2118 Latinis.
1140 2064 1178 2120 75

234 2138 386 2212 impositus
400 2140 512 2194 mannis
526 2158 622 2194 arvum
637 2141 796 2213 coelumque
811 2141 949 2196 Sabinum

234 2215 303 2272 Non
317 2227 409 2272 cessat
422 2215 545 2271 laudare.
588 2217 683 2284 Videt,
698 2217 824 2289 ridetque
840 2216 1004 2293 Philippus:

234 2294 280 2364 Et,
296 2294 349 2349 sibi
363 2295 429 2349 dum
445 2294 580 2367 requiem,
595 2295 663 2350 dum
677 2294 749 2351 risus
763 2295 888 2368 undique
901 2297 1010 2370 quaerit,

232 2371 309 2428 Dum
324 2383 430 2447 septem
445 2372 531 2428 donat
544 2373 681 2443 sestertia,
697 2384 794 2430 mutua
808 2385 915 2448 septem

233 2451 383 2522 Promittit,
397 2453 546 2526 persuadet
560 2449 600 2508 uti
616 2464 755 2509 mercetur
770 2453 901 2528 agellum.

233 2527 394 2586 Mercatur:
416 2550 453 2586 ne
467 2542 494 2586 te
508 2531 600 2604 longis
616 2531 781 2606 ambagibus
796 2529 869 2588 ultra

231 2605 331 2666 Quam
346 2604 413 2664 satis
426 2619 469 2663 est
483 2626 574 2664 morer
586 2629 593 2677 ;
615 2630 650 2666 ex
662 2609 752 2666 nitido
766 2609 796 2666 fit
810 2611 941 2681 rusticus,
956 2620 1038 2686 atque

234 2686 335 2742 Sulcos
349 2698 378 2743 et
392 2686 485 2742 vineta
499 2700 596 2761 crepat
610 2707 696 2759 mera,
711 2700 847 2764 praeparat
862 2689 960 2760 ulmos,

232 2763 396 2821 Immeritur
411 2765 520 2836 studiis,
535 2777 563 2822 et
577 2785 671 2823 amore
685 2767 808 2824 senescit
822 2767 952 2825 habendi.

232 2841 341 2899 Verum
356 2844 404 2899 ubi
418 2864 484 2900 oves
499 2845 581 2916 surto,
596 2846 694 2903 morbo
706 2845 817 2921 periere
831 2846 955 2921 capellae,
1135 2848 1175 2904 85

232 2921 318 2996 Spem
334 2923 451 2980 mentita
464 2942 555 2998 seges,
573 2925 621 2980 bos
632 2936 674 2982 est
687 2937 805 2982 enectus
819 2926 940 2994 arando;

230 3001 366 3058 Offensus
380 3002 501 3073 damnis,
517 3003 610 3060 media
625 3004 660 3060 de
675 3015 759 3061 nocte
773 3006 913 3062 caballum

234 3080 349 3154 Arripit,
365 3079 507 3156 iratusque
523 3081 645 3157 Philippi
660 3083 751 3140 tendit
764 3085 801 3140 ad
815 3085 898 3141 aedes.

228 3158 327 3218 Quem
343 3159 425 3215 simui
440 3161 548 3234 aspexit
562 3163 695 3218 scabrum
707 3162 905 3238 intonsumque
920 3163 1074 3238 Philippus,

231 3242 248 3265 ‘⁶
263 3235 387 3307 Duruss’
403 3239 451 3309 ait,
466 3245 483 3268 “
496 3239 603 3310 Vultei,
619 3240 703 3296 nimis
717 3252 896 3316 attentusque
910 3243 1012 3299 videris
1135 3241 1176 3298 90

230 3313 301 3371 Esse
316 3317 411 3372 ruihi.’'
454 3322 472 3350 “
486 3317 544 3387 Poi,
559 3337 604 3373 me
621 3319 764 3390 miserum,
779 3331 905 3395 patrone,
919 3340 1042 3391 vocares,

188 3410 190 3414 ’
231 3393 262 3448 Si
277 3394 390 3465 veiles‚'’
403 3395 503 3470 inquit,
519 3399 536 3426 “
552 3413 649 3452 verum
664 3396 733 3454 mihi
745 3416 849 3471 ponere
863 3417 976 3456 nomen.

228 3470 317 3529 Quod
333 3483 360 3528 tc
374 3492 423 3546 per
438 3473 572 3544 Genium,
587 3474 779 3549 dextramque,
791 3476 914 3549 deosque
928 3477 1050 3536 Penates

228 3546 358 3606 Obsecro
373 3562 402 3606 et
414 3553 548 3622 obtestor,
562 3553 625 3610 vitae
640 3572 685 3609 me
699 3554 786 3610 redde
799 3553 912 3628 priori.”
1083 3569 1099 3596 ⁶

268 3625 330 3684 Qui
344 3630 431 3685 semel
446 3632 555 3704 aspexit
568 3627 705 3706 quantum
720 3633 834 3691 dimissa
847 3633 943 3708 petitis
1136 3633 1177 3691 95

229 3701 377 3790 Praestent,
391 3707 501 3764 mature
517 3711 622 3783 redeat,
634 3723 796 3786 repetatque
812 3713 918 3771 relicta.

212 3777 326 3860 *Metui
340 3801 371 3840 se
385 3803 524 3862 quemque
539 3807 591 3848 suo
606 3790 721 3852 modulo
734 3808 768 3849 ao
781 3793 854 3871 pede
870 3809 967 3850 verum
980 3801 1031 3852 est.
