2706 4362
523 304 731 354 surrentum
749 304 815 353 LlB.
831 305 868 356 11.
884 310 907 357 t

588 523 746 584 SATIRA
767 523 820 585 1v.

273 721 277 732 ,
632 691 776 726 ΕΟΒΔΤῙΜ.

251 760 352 833 Uuns,
365 770 395 820 et
407 755 464 837 quo
478 758 599 818 Ostiusl

653 909 757 943 (ΜΝΞ.

254 1049 255 1054 ,
725 994 755 1052 N
756 1016 793 1055 on
807 1007 850 1054 est
862 996 933 1055 mihi
946 1008 1059 1075 tempus
1072 996 1165 1056 aventi

246 1075 364 1135 'Ponere
378 1075 461 1152 signe
473 1073 554 1133 novis
567 1075 726 1152 proeoeptis,
739 1076 835 1150 qualia
848 1077 964 1133 vineant

191 1209 195 1215 ,
252 1153 452 1232 Pythagoram,
466 1153 613 1229 Anytique
626 1172 717 1225 reum,
731 1153 902 1230 doctumque
916 1154 1040 1214 Platona.

632 1305 777 1338 sensurus.
838 1340 841 1345 ,

250 1391 405 1450 Peccatum
420 1391 517 1463 fateor,
530 1408 618 1466 quum
632 1401 661 1448 te
674 1391 717 1448 sio
730 1402 856 1468 tempore
870 1391 940 1451 laevo

251 1468 476 1546 Interpellrlrinr:
498 1471 558 1541 sed,
572 1471 623 1526 des
636 1469 748 1527 veniam
763 1470 864 1544 bonus,
877 1490 935 1529 oro.
1179 1473 1199 1529 5

250 1546 341 1609 Quod
355 1549 379 1605 si
393 1548 568 1606 interciderit
581 1548 631 1605 tihi
645 1564 724 1606 nuno
738 1549 853 1623 aliquid,
867 1561 977 1625 repetes
991 1569 1073 1621 mox3

252 1628 318 1685 Sive
332 1636 375 1684 est
388 1637 496 1684 nature
510 1627 574 1698 hoo,
589 1626 647 1683 sive
661 1627 738 1699 artis,
752 1627 840 1684 mirus
854 1638 980 1703 utroque.

654 1775 757 1809 cnutus-

253 1861 335 1923 Quin
350 1861 379 1918 id
393 1872 453 1919 eret
466 1878 551 1931 eurae,
565 1879 621 1935 quo
634 1871 722 1936 paeto.
732 1870 836 1918 ennete
848 1870 990 1931 tenerem

253 1939 356 2015 Utpote
369 1959 415 1998 res
428 1951 540 2011 tenues,
553 1939 633 1996 tenui
646 1957 777 1996 sermone
789 1950 925 2016 peractas.

633 2089 778 2124 nonninus.

251 2175 314 2232 Ede
328 2175 451 2233 hominis
464 2193 588 2233 nomen:
608 2175 692 2232 simul
706 2185 735 2234 et
749 2175 899 2234 Romanus
913 2195 949 2234 sn
964 2176 1073 2255 hospes.
1163 2179 1199 2238 10

653 2311 763 2359 cnr-rus.¹

250 2412 317 2489 Ipsa
331 2431 438 2471 mernor
451 2422 592 2487 preoeptn
606 2429 724 2481 osnem3
747 2412 885 2470 celabitur
900 2424 1006 2484 auctor.

251 2491 351 2567 longe
364 2491 467 2566 quibus
480 2491 568 2550 seeies
581 2491 641 2548 ovis
653 2491 716 2562 erit,
731 2491 778 2548 illa
789 2503 940 2564 memento,

250 2570 289 2628 Ut
302 2571 381 2628 suooi
395 2569 519 2627 melioris
532 2579 561 2625 et
575 2581 605 2627 ut
619 2566 711 2646 magis
725 2569 799 2627 alme
814 2572 953 2644 rotundis,
1042 2613 1056 2620 -

168 2704 171 2711 .
249 2649 376 2708 Ponere:
397 2667 519 2724 nemque
533 2667 639 2706 marem
654 2649 788 2707 cohibent
802 2650 908 2708 oallose
921 2651 1054 2709 vitellum.

250 2728 340 2785 Ceule
355 2727 526 2799 suburbano,
539 2728 588 2801 qui
602 2728 686 2784 sioois
698 2729 788 2785 erevit
802 2729 832 2786 in
847 2730 931 2804 agris,
1161 2730 1198 2786 15

249 2804 386 2874 Dulcior3
407 2806 512 2880 irriguo
526 2805 597 2862 nihil
611 2817 653 2862 est
666 2806 770 2862 elutius
784 2807 872 2864 horto.

251 2885 284 2941 Si
298 2884 472 2957 vespertinus
486 2880 579 2938 subito
594 2894 622 2939 te
635 2884 803 2956 oppresserit
817 2884 928 2960 hospes,

250 2961 297 3018 Ne
311 2961 417 3036 galline
431 2957 535 3016 mallim
550 2971 694 3035 responset
708 2961 779 3018 dura
791 2963 892 3037 pelato,

250 3040 362 3098 Dootus
375 3038 431 3095 eris
445 3037 536 3093 vivam
551 3038 639 3095 mixto
652 3057 774 3096 mersare
789 3039 928 3098 Falerno:

251 3118 318 3177 Hoo
331 3130 459 3176 teneram
474 3116 566 3172 leniet.
608 3113 911 3193 Pratensibusoptima
925 3120 1020 3195 fungis
1158 3119 1198 3177 20

249 3198 362 3256 Nature
375 3206 433 3264 est;
456 3194 518 3250 aliis
532 3191 606 3251 male
621 3195 754 3251 creditur.
796 3195 850 3253 Ille
863 3197 990 3256 salubres

251 3277 377 3336 AEstetes
390 3283 516 3350 peraget,
530 3273 579 3348 qui
590 3273 678 3349 nigris
692 3274 812 3349 prandia
825 3275 911 3332 moris
1046 3275 1050 3285 '

249 3356 354 3427 Finiet,
369 3364 435 3411 ante
448 3371 563 3444 gravem
577 3372 640 3428 que
654 3353 754 3429 legerit
766 3353 865 3411 arbore
879 3354 975 3414 solem.

250 3435 383 3493 Aufidius
397 3433 461 3490 forts
476 3433 615 3491 misoebnt
628 3433 713 3490 mella
727 3432 865 3502 Falern03

250 3510 401 3583 Mendose,
415 3513 549 3587 quonism
563 3513 659 3570 vsouis
673 3513 851 3570 committere
865 3512 944 3568 venis
1158 3515 1197 3574 25

249 3591 299 3648 Nil
314 3589 369 3647 nisi
383 3589 447 3646 lene
461 3591 563 3649 deoet:
584 3591 642 3648 leni
655 3591 811 3667 praeoordis
825 3590 916 3650 mulso

249 3668 391 3727 Prolueris
405 3667 513 3726 melihs.
556 3669 588 3726 si
602 3671 673 3726 dure
686 3670 839 3728 rnorsbitur
854 3669 942 3741 alvus,

250 3745 369 3823 Mytilus
383 3757 411 3803 et
425 3747 493 3803 viles
506 3747 612 3823 pellent
625 3748 766 3807 obstantis
779 3749 908 3822 eonohae,

250 3825 288 3886 Et
301 3823 407 3904 lapathi
421 3825 512 3882 brevis
527 3827 623 3899 herba,
638 3827 688 3884 sed
702 3827 766 3887 elbo
781 3847 839 3887 non
854 3828 916 3887 sine
930 3828 999 3888 Coo.
