2706 4362
511 299 758 352 EPISTOLARUM
776 302 842 350 Lus.
860 303 882 351 Ι.
900 305 939 352 lt.
1150 306 1201 364 161
1257 347 1265 364 ,

260 443 496 520 Praeteregendus
508 462 616 521 equus:
637 449 656 478 ‘⁴
664 442 736 507 Quo
749 445 864 504 tendis‘l
883 464 941 504 non
955 444 1026 503 mihi
1039 443 1149 504 Cumas

260 522 313 580 Est
326 522 389 594 iter,
403 534 452 580 aut
465 523 578 596 Baias,''
592 523 663 582 leva
677 523 871 584 stomachosus
885 523 998 582 habent

260 599 346 668 Dicet
359 619 462 676 eques:
483 602 533 659 sed
547 601 628 678 equis
641 603 758 662 frenato
771 612 814 660 est
827 603 904 660 auris
917 603 947 660 in
960 621 1010 660 ore
1018 603 1041 681 t)

158 727 165 744 .
259 678 352 755 Major
365 690 460 738 utrum
473 681 609 758 populum
623 680 757 740 frumeuti
771 681 853 756 copia
865 691 979 757 pascat,

243 775 245 778 ·
259 757 441 816 collectosne
455 760 555 817 bibant
567 759 681 830 imbres,
694 772 830 835 puteosne
844 778 986 836 perennes
1171 758 1207 816 1⁵

259 835 278 892 J
280 837 344 914 ugis
356 855 455 911 aquae:
478 836 559 908 (nam
575 838 640 894 vina
653 837 723 895 nihil
738 858 830 896 moror
843 837 918 896 illius
930 855 1004 896 orte:

259 915 342 972 Rure
356 933 421 972 meo
434 935 549 990 possum
560 915 672 1006 quidvis
684 917 807 992 perferre
820 917 954 992 patique3

261 994 309 1051 Ad
323 1011 403 1050 mare
415 1012 504 1068 quurn
519 1013 593 1066 venr,
607 1013 775 1070 generosum
788 1007 818 1053 et
831 995 895 1052 lene
909 995 1031 1070 requiro,

260 1071 350 1134 Quod
364 1091 447 1132 curas
461 1073 567 1148 abigat,
581 1073 736 1148 quodcum
750 1092 800 1148 spe
813 1072 900 1132 divite
913 1083 1010 1130 manet

260 1148 296 1208 In
311 1169 397 1207 venas
411 1151 594 1226 animumque
608 1169 714 1223 meum,
728 1152 803 1226 qnod
817 1151 901 1208 verbe
913 1150 1077 1230 ministret.)
1168 1152 1208 1210 20

260 1229 385 1288 Tractus
398 1241 460 1288 uter
473 1230 569 1307 plures
581 1230 701 1306 lepores,
715 1242 778 1288 uter
791 1231 895 1288 educet
907 1249 1005 1306 apros,

258 1307 329 1366 Utra
343 1306 433 1388 magis
446 1309 540 1385 pisces
553 1319 583 1366 et
594 1309 713 1366 echinos
727 1327 839 1384 aequcra
852 1309 948 1366 celent
955 1328 963 1379 ;

258 1386 378 1463 Pinguis
392 1399 424 1445 ut
436 1387 504 1445 inde
517 1389 633 1447 domum
647 1387 751 1464 possim
767 1388 927 1462 Phaeaxque
941 1389 1061 1448 reverti:

260 1467 391 1524 Scribere
405 1478 433 1523 te
447 1466 539 1538 nobis,
553 1466 604 1524 tihi
618 1486 670 1524 nos
683 1468 844 1538 accredere,
858 1485 909 1542 par
921 1477 973 1524 est.

300 1542 434 1616 Manius,
448 1555 488 1616 ut,
502 1546 588 1602 rebus
601 1545 736 1604 maternis
750 1556 833 1620 atque
847 1545 972 1620 paternis

260 1621 384 1678 Fortiter
398 1623 563 1698 absumptis,
574 1625 700 1680 urbanus
714 1625 801 1700 coepit
810 1623 919 1695 haberi,

263 1701 370 1757 Scurra
383 1719 480 1775 vagus,
494 1720 551 1757 non
566 1702 614 1774 qui
628 1712 737 1758 certum
750 1719 876 1775 praesepe
889 1711 1008 1774 teneret,

263 1776 429 1852 Impransns
442 1797 500 1836 non
514 1778 563 1852 qui
577 1779 669 1834 civem
682 1778 862 1852 dignosceret
875 1779 966 1850 hoste,

261 1854 407 1917 Quaelibet
421 1856 451 1914 in
466 1856 593 1932 quemvis
606 1855 755 1932 opprobria
769 1855 876 1930 lingere
890 1873 990 1928 saevus,

260 1933 408 1992 Pernicies
421 1945 450 1992 et
463 1945 616 2010 tempestas
631 1935 847 2009 barathrumque
860 1933 982 2006 macelli,
1043 1985 1046 1994 .

261 2011 411 2088 Quidquid
425 2014 584 2089 quaesierat,
598 2013 689 2071 ventri
703 2011 827 2070 donabat
840 2031 932 2070 avaro.

261 2090 330 2162 Hic,
345 2092 394 2148 ubi
408 2092 543 2169 nequitia
557 2092 713 2150 fautoribus
726 2103 755 2150 et
768 2092 875 2149 timidis
888 2091 928 2148 nil

259 2170 321 2228 Aut
333 2170 450 2245 paulum
464 2170 627 2242 abstulerat,
639 2169 751 2247 pntinm
765 2170 896 2228 coenabat
908 2171 1009 2243 omasi,

259 2249 332 2308 Vilis
345 2258 375 2305 et
387 2250 510 2324 agnina,
524 2248 614 2306 tribus
628 2249 701 2306 ursis
714 2249 789 2324 quod
802 2245 871 2306 satis
884 2259 975 2318 esset;

261 2328 381 2386 Scilicet
395 2339 427 2385 ut
439 2339 551 2385 ventres
563 2327 660 2386 lamnia
674 2329 816 2386 candente
828 2337 964 2404 nepotum

260 2405 377 2464 Diceret
390 2407 523 2478 urendos,
537 2413 681 2465 corrector
693 2407 819 2468 Bestius.
863 2405 944 2463 idern

258 2484 408 2560 Quidquid
422 2496 483 2543 erat
496 2496 597 2552 nactus
610 2486 712 2560 prsedae
727 2485 849 2560 majoris,
863 2484 912 2540 ubi
925 2502 1011 2541 omne

259 2565 390 2622 Verterat
404 2565 433 2622 in
449 2563 557 2621 fumum
571 2575 600 2621 et
614 2563 750 2635 cinerem,
765 2569 782 2594 “
793 2561 861 2620 Non
875 2559 992 2620 hercule
1007 2563 1121 2636 miror,''
1137 2585 1139 2588 ·

261 2643 373 2715 Aiebat,
388 2643 441 2700 “si
456 2643 504 2718 qui
518 2643 672 2700 comedunt
686 2643 769 2714 bona,
783 2659 871 2716 quum
884 2643 921 2699 sit
933 2641 1019 2700 obeso

259 2721 310 2779 Nil
325 2723 427 2779 melius
439 2723 531 2793 turdo,
548 2722 586 2778 nil
602 2721 684 2777 vulvis
697 2720 844 2796 pulchrius
857 2719 978 2794 ampld.''

260 2799 405 2856 Nimirum
421 2801 469 2856 hic
482 2818 536 2873 ego
545 2817 630 2865 -sum;
652 2817 718 2855 nam
732 2809 793 2856 tuta
806 2807 836 2854 et
848 2797 964 2870 parvula
977 2796 1073 2870 laudo,

258 2876 360 2939 Quum
374 2896 420 2932 res
434 2876 580 2944 deficiunt,
595 2873 663 2930 satis
677 2875 749 2932 inter
764 2875 829 2932 vilia
841 2873 936 2931 fortis:

259 2950 380 3024 Verium,
394 2953 442 3008 ubi
456 2952 524 3026 quid
538 2951 640 3008 melius
653 2953 793 3027 contingit
805 2962 835 3008 et
847 2951 971 3025 unctius,
986 2953 1062 3010 idem

260 3034 321 3091 Vos
334 3051 433 3108 sapere
447 3041 477 3088 et
490 3029 563 3088 solos
577 3029 623 3086 aic
637 3030 709 3087 bene
723 3031 826 3100 vivere,
838 3048 959 3104 quorum

260 3109 444 3188 Conspicitur
456 3108 554 3166 nitidis
568 3107 686 3165 fundata
700 3108 824 3183 pecunia
837 3106 918 3163 villis.

562 3462 764 3524 nnrsnons
784 3445 869 3521 xvi.

600 3622 640 3662 ΔΙ)
651 3619 829 3666 QUINC'I'IUH.

258 3744 289 3803 N
291 3765 309 3802 n
321 3745 506 3822 perconteris,
520 3745 624 3802 fundus
637 3761 727 3814 meus,
740 3741 846 3817 optime
855 3737 988 3812 Quincti,

259 3825 337 3883 Arse
349 3834 447 3902 pascat
460 3823 570 3959 heppp,
581 3841 619 3880 an
633 3820 729 3878 beccis
741 3821 887 3897 opulentet
899 3819 991 3892 olivae,
