2756 4366
503 340 534 396 Q.
552 339 700 390 HORATII
716 341 840 392 FLAcc1

374 479 501 554 Tellure,
515 482 654 542 victorum
667 493 784 560 nepotes

412 559 525 618 Retulit
538 562 654 620 inferias
667 564 686 618 J
687 564 825 638 ugurthae.

333 637 410 700 Quis
423 657 491 711 uon,
502 638 606 698 Latino
620 642 759 716 sauguine
772 641 914 719 pinguior,

334 713 463 792 Campus
475 719 612 794 sepulcris
625 715 710 795 impia
724 719 824 796 proelia

372 793 519 869 Testatur,
533 797 716 874 auditumque
731 797 827 858 Medis

413 872 561 951 Hesperie
575 877 697 936 sonitum
712 875 824 937 ruinael

331 951 394 1014 Qui
406 972 521 1030 gurges,
536 966 584 1014 aut
597 975 659 1031 quse
673 955 791 1015 flumina
803 956 931 1034 lugubris

332 1029 437 1107 Ignara
451 1033 538 1091 bellil
558 1035 633 1109 quod
646 1055 724 1094 mare
736 1035 858 1094 Dauniae

372 1108 441 1168 Non
454 1111 653 1172 decoloravere
667 1115 781 1173 caedesl

409 1188 486 1250 Quae
500 1204 579 1250 caret
591 1211 641 1250 ora
654 1211 754 1250 eruore
765 1195 880 1250 nostrol

332 1265 390 1323 Sed
404 1286 451 1341 ne,
465 1269 582 1343 relictis,
597 1269 682 1326 Musa
694 1289 808 1344 procax,
819 1271 902 1347 jocis,

332 1343 400 1402 ces
413 1356 547 1404 retractes
561 1366 681 1406 munera
693 1346 723 1404 N
725 1349 821 1408 sanie:

371 1420 488 1482 Mecum
503 1424 623 1483 Dionaeo
650 1427 703 1482 sub
717 1437 797 1487 antro

413 1503 522 1566 Quaere
535 1505 635 1562 modos
648 1505 751 1564 leviore
763 1507 879 1583 plectro.

597 1817 682 1876 ODE
702 1818 734 1876 Π

469 1957 511 1996 ΑΒ
524 1955 655 1995 emerunt
669 1955 863 1996 semesum.

369 2056 492 2116 Nuauus
506 2064 624 2134 argento
637 2055 714 2114 color
728 2067 771 2114 est
784 2055 875 2114 avaris

368 2136 477 2193 Abdito
487 2135 579 2206 terris,
594 2133 710 2191 inimice
723 2135 827 2200 larmue

368 2212 468 2288 Crispe
483 2211 608 2281 Sallusti,
622 2211 677 2267 nisi
690 2222 846 2286 temperato

564 2289 721 2364 Splendeat
734 2309 796 2347 usu.

366 2368 452 2427 Vivet
464 2377 580 2426 extento
593 2367 759 2426 Proculeius
773 2387 841 2440 aevo,

368 2446 463 2507 Notus
476 2448 507 2506 in
521 2445 620 2505 iratres
634 2448 722 2504 animi
735 2447 862 2524 paterni:

361 2524 456 2594 ¹Illum
470 2536 535 2602 eget
548 2525 644 2602 pennd
659 2538 804 2596 metuente
818 2526 887 2584 solvi

565 2603 655 2662 Fama
668 2616 818 2680 superstes.

367 2681 467 2742 Latius
481 2701 583 2760 regnes
597 2683 711 2740 avidum
725 2684 868 2744 domando

367 2763 514 2839 Spiritum,
528 2759 614 2837 qudm
627 2762 651 2820 si
665 2753 784 2838 Libyam
799 2763 915 2822 remotis

365 2841 495 2899 Gadibus
505 2840 620 2917 jungas,
633 2857 663 2900 et
675 2853 792 2916 uterque
805 2841 913 2903 Poenus

565 2921 676 2978 Serviat
689 2921 748 2978 uni.
921 2957 922 2960 =

366 2998 479 3057 Crescit
492 2997 644 3074 indulgens
657 2999 711 3055 sibi
725 2999 803 3057 dirus
815 3001 955 3078 hydrops;

366 3075 431 3136 Nee
445 3077 521 3136 sitim
534 3076 624 3153 pellit,
637 3077 693 3134 nisi
708 3096 795 3135 causa
809 3079 902 3136 morbi

367 3154 488 3233 Fugerit
500 3155 590 3227 venis,
604 3167 633 3212 et
646 3173 768 3231 aquosus
782 3157 847 3216 albo
963 3201 968 3212 .

566 3234 693 3311 Corpore
707 3235 836 3312 languor.

368 3313 528 3372 Redditum
542 3313 612 3388 Cyri
625 3315 695 3372 solio
709 3314 861 3387 Phraaten,

366 3392 517 3451 Dissidens
530 3392 615 3468 plebi,
629 3411 748 3452 numero
762 3393 909 3451 beatorum

368 3469 476 3530 Eximit
491 3470 605 3540 Virtus3
626 3473 817 3548 populumque
832 3471 909 3530 salsis

566 3549 695 3609 Dedecet
709 3551 751 3609 uti

368 3626 511 3699 Vocibus;
533 3649 652 3706 regnum
666 3642 696 3689 et
716 3630 847 3687 diadema
857 3639 950 3688 tutum

368 3705 508 3764 Deserens
521 3709 582 3780 uni,
596 3709 791 3786 propriamque
802 3707 921 3781 laurum,

368 3784 509 3860 Quisquis
523 3787 653 3863 ingentes
667 3788 750 3846 oculo
764 3787 892 3846 irretorto

568 3866 684 3940 Spectat
699 3885 821 3924 acervos.
