<?xml version="1.0" encoding="UTF-8"?>
<!DOCTYPE html PUBLIC "-//W3C//DTD XHTML 1.0 Transitional//EN"
    "http://www.w3.org/TR/xhtml1/DTD/xhtml1-transitional.dtd">
<html xmlns="http://www.w3.org/1999/xhtml" xml:lang="en" lang="en">
 <head>
  <title>
</title>
<meta http-equiv="Content-Type" content="text/html;charset=utf-8" />
  <meta name='ocr-system' content='tesseract 3.04.00' />
  <meta name='ocr-capabilities' content='ocr_page ocr_carea ocr_par ocr_line ocrx_word'/>
</head>
<body>
  <div class='ocr_page' id='page_1' title='image "./operaacceduntcl00horagoog_0092.png"; bbox 0 0 2706 4362; ppageno 0'>
   <div class='ocr_carea' id='block_1_1' title="bbox 571 303 840 364">
    <p class='ocr_par' dir='ltr' id='par_1_1' title="bbox 571 303 840 364">
     <span class='ocr_line' id='line_1_1' title="bbox 571 303 840 364; baseline -0.007 0"><span class='ocrx_word' id='word_1_1' title='bbox 571 303 712 364; x_wconf 70' lang='lat' dir='ltr'><strong>EPODON</strong></span> <span class='ocrx_word' id='word_1_2' title='bbox 729 305 840 364; x_wconf 80' lang='lat' dir='ltr'>LIBER.</span> 
     </span>
    </p>
   </div>
   <div class='ocr_carea' id='block_1_2' title="bbox 629 531 784 601">
    <p class='ocr_par' dir='ltr' id='par_1_2' title="bbox 629 531 784 601">
     <span class='ocr_line' id='line_1_2' title="bbox 629 531 784 601; baseline 0 -8"><span class='ocrx_word' id='word_1_3' title='bbox 629 531 715 594; x_wconf 82' lang='lat' dir='ltr'>ODE</span> <span class='ocrx_word' id='word_1_4' title='bbox 728 531 784 601; x_wconf 89' lang='lat' dir='ltr'>XI.</span> 
     </span>
    </p>
   </div>
   <div class='ocr_carea' id='block_1_3' title="bbox 516 672 899 715">
    <p class='ocr_par' dir='ltr' id='par_1_3' title="bbox 516 672 899 715">
     <span class='ocr_line' id='line_1_3' title="bbox 516 672 899 715; baseline 0.005 -3"><span class='ocrx_word' id='word_1_5' title='bbox 516 672 557 712; x_wconf 78' lang='lat' dir='ltr'>Ab</span> <span class='ocrx_word' id='word_1_6' title='bbox 577 673 717 714; x_wconf 79' lang='lat' dir='ltr'><strong>POPULUM</strong></span> <span class='ocrx_word' id='word_1_7' title='bbox 738 674 899 715; x_wconf 71' lang='lat' dir='ltr'>ROMANUM.</span> 
     </span>
    </p>
   </div>
   <div class='ocr_carea' id='block_1_4' title="bbox 290 754 1034 1008">
    <p class='ocr_par' dir='ltr' id='par_1_4' title="bbox 290 754 1034 1008">
     <span class='ocr_line' id='line_1_4' title="bbox 293 754 937 849; baseline 0.002 -18"><span class='ocrx_word' id='word_1_8' title='bbox 293 774 422 832; x_wconf 67' lang='lat' dir='ltr'>Annene</span> <span class='ocrx_word' id='word_1_9' title='bbox 433 754 495 849; x_wconf 84' lang='lat' dir='ltr'>jam</span> <span class='ocrx_word' id='word_1_10' title='bbox 506 774 605 831; x_wconf 89' lang='lat' dir='ltr'>teritur</span> <span class='ocrx_word' id='word_1_11' title='bbox 619 773 701 830; x_wconf 90' lang='lat' dir='ltr'>bellis</span> <span class='ocrx_word' id='word_1_12' title='bbox 715 773 844 832; x_wconf 87' lang='lat' dir='ltr'>civilibus</span> <span class='ocrx_word' id='word_1_13' title='bbox 860 785 937 847; x_wconf 88' lang='lat' dir='ltr'>aetas,</span> 
     </span>
     <span class='ocr_line' id='line_1_5' title="bbox 333 851 833 928; baseline -0.002 -17"><span class='ocrx_word' id='word_1_14' title='bbox 333 853 400 911; x_wconf 84' lang='lat' dir='ltr'>Suis</span> <span class='ocrx_word' id='word_1_15' title='bbox 413 862 442 910; x_wconf 88' lang='lat' dir='ltr'>et</span> <span class='ocrx_word' id='word_1_16' title='bbox 455 853 517 928; x_wconf 89' lang='lat' dir='ltr'>ipsa</span> <span class='ocrx_word' id='word_1_17' title='bbox 530 851 627 910; x_wconf 88' lang='lat' dir='ltr'>Roma</span> <span class='ocrx_word' id='word_1_18' title='bbox 641 851 747 910; x_wconf 89' lang='lat' dir='ltr'>viribus</span> <span class='ocrx_word' id='word_1_19' title='bbox 760 855 833 911; x_wconf 91' lang='lat' dir='ltr'>ruit:</span> 
     </span>
     <span class='ocr_line' id='line_1_6' title="bbox 290 928 1034 1008; baseline 0.003 -20"><span class='ocrx_word' id='word_1_20' title='bbox 290 930 390 994; x_wconf 83' lang='lat' dir='ltr'>Quam</span> <span class='ocrx_word' id='word_1_21' title='bbox 404 949 497 1005; x_wconf 91' lang='lat' dir='ltr'>neque</span> <span class='ocrx_word' id='word_1_22' title='bbox 511 928 624 988; x_wconf 86' lang='lat' dir='ltr'>fmitimi</span> <span class='ocrx_word' id='word_1_23' title='bbox 639 932 787 989; x_wconf 89' lang='lat' dir='ltr'>valuerunt</span> <span class='ocrx_word' id='word_1_24' title='bbox 800 933 920 1008; x_wconf 84' lang='lat' dir='ltr'>perdere</span> <span class='ocrx_word' id='word_1_25' title='bbox 934 929 1034 1006; x_wconf 89' lang='lat' dir='ltr'>Marsi,</span> 
     </span>
    </p>
   </div>
   <div class='ocr_carea' id='block_1_5' title="bbox 253 1003 1203 3837">
    <p class='ocr_par' dir='ltr' id='par_1_5' title="bbox 253 1003 1203 3837">
     <span class='ocr_line' id='line_1_7' title="bbox 332 1003 926 1082; baseline -0.002 -14"><span class='ocrx_word' id='word_1_26' title='bbox 332 1009 458 1068; x_wconf 87' lang='lat' dir='ltr'>Minacis</span> <span class='ocrx_word' id='word_1_27' title='bbox 472 1020 521 1067; x_wconf 91' lang='lat' dir='ltr'>aut</span> <span class='ocrx_word' id='word_1_28' title='bbox 534 1003 656 1067; x_wconf 88' lang='lat' dir='ltr'>Etrusca</span> <span class='ocrx_word' id='word_1_29' title='bbox 670 1009 800 1067; x_wconf 79' lang='lat' dir='ltr'>Porsenae</span> <span class='ocrx_word' id='word_1_30' title='bbox 814 1029 926 1082; x_wconf 87' lang='lat' dir='ltr'>manus,</span> 
     </span>
     <span class='ocr_line' id='line_1_8' title="bbox 295 1089 1203 1164; baseline -0.001 -16"><span class='ocrx_word' id='word_1_31' title='bbox 295 1089 412 1148; x_wconf 83' lang='lat' dir='ltr'>AEmula</span> <span class='ocrx_word' id='word_1_32' title='bbox 425 1107 480 1145; x_wconf 93' lang='lat' dir='ltr'>nec</span> <span class='ocrx_word' id='word_1_33' title='bbox 494 1089 582 1146; x_wconf 88' lang='lat' dir='ltr'>virtus</span> <span class='ocrx_word' id='word_1_34' title='bbox 596 1089 713 1164; x_wconf 86' lang='lat' dir='ltr'>Capuae,</span> <span class='ocrx_word' id='word_1_35' title='bbox 728 1108 782 1146; x_wconf 91' lang='lat' dir='ltr'>nec</span> <span class='ocrx_word' id='word_1_36' title='bbox 801 1091 954 1164; x_wconf 84' lang='lat' dir='ltr'>Spartacus</span> <span class='ocrx_word' id='word_1_37' title='bbox 968 1107 1043 1162; x_wconf 88' lang='lat' dir='ltr'>acer,</span> <span class='ocrx_word' id='word_1_38' title='bbox 1182 1091 1203 1147; x_wconf 86' lang='lat'><strong>5</strong></span> 
     </span>
     <span class='ocr_line' id='line_1_9' title="bbox 332 1167 877 1242; baseline -0.002 -17"><span class='ocrx_word' id='word_1_39' title='bbox 332 1167 478 1242; x_wconf 88' lang='lat' dir='ltr'>Novisque</span> <span class='ocrx_word' id='word_1_40' title='bbox 492 1167 578 1224; x_wconf 90' lang='lat' dir='ltr'>rebus</span> <span class='ocrx_word' id='word_1_41' title='bbox 594 1167 716 1224; x_wconf 89' lang='lat' dir='ltr'>infidelis</span> <span class='ocrx_word' id='word_1_42' title='bbox 730 1167 877 1239; x_wconf 84' lang='lat' dir='ltr'>Allobrox,</span> 
     </span>
     <span class='ocr_line' id='line_1_10' title="bbox 292 1243 961 1322; baseline -0.001 -18"><span class='ocrx_word' id='word_1_43' title='bbox 292 1246 357 1304; x_wconf 88' lang='lat' dir='ltr'>Nec</span> <span class='ocrx_word' id='word_1_44' title='bbox 371 1247 430 1303; x_wconf 88' lang='lat' dir='ltr'>sera</span> <span class='ocrx_word' id='word_1_45' title='bbox 444 1243 569 1302; x_wconf 71' lang='lat' dir='ltr'>coeruled</span> <span class='ocrx_word' id='word_1_46' title='bbox 583 1247 692 1303; x_wconf 88' lang='lat' dir='ltr'><strong>domuit</strong></span> <span class='ocrx_word' id='word_1_47' title='bbox 706 1247 861 1304; x_wconf 84' lang='lat' dir='ltr'>Germania</span> <span class='ocrx_word' id='word_1_48' title='bbox 875 1247 961 1322; x_wconf 84' lang='lat' dir='ltr'>pube,</span> 
     </span>
     <span class='ocr_line' id='line_1_11' title="bbox 331 1325 928 1399; baseline -0.002 -16"><span class='ocrx_word' id='word_1_49' title='bbox 331 1325 556 1399; x_wconf 90' lang='lat' dir='ltr'>Parentibusque</span> <span class='ocrx_word' id='word_1_50' title='bbox 571 1325 750 1382; x_wconf 89' lang='lat' dir='ltr'>abominatus</span> <span class='ocrx_word' id='word_1_51' title='bbox 765 1325 928 1384; x_wconf 84' lang='lat' dir='ltr'>Hannibal:</span> 
     </span>
     <span class='ocr_line' id='line_1_12' title="bbox 291 1399 911 1480; baseline 0.002 -20"><span class='ocrx_word' id='word_1_52' title='bbox 291 1404 384 1480; x_wconf 84' lang='lat' dir='ltr'>Impia</span> <span class='ocrx_word' id='word_1_53' title='bbox 397 1403 550 1480; x_wconf 82' lang='lat' dir='ltr'>perdemus</span> <span class='ocrx_word' id='word_1_54' title='bbox 564 1399 657 1461; x_wconf 90' lang='lat' dir='ltr'>devoti</span> <span class='ocrx_word' id='word_1_55' title='bbox 671 1405 819 1480; x_wconf 89' lang='lat' dir='ltr'>sanguinis</span> <span class='ocrx_word' id='word_1_56' title='bbox 834 1416 911 1476; x_wconf 79' lang='lat' dir='ltr'>aetas,</span> 
     </span>
     <span class='ocr_line' id='line_1_13' title="bbox 331 1483 1200 1558; baseline 0.002 -18"><span class='ocrx_word' id='word_1_57' title='bbox 331 1483 467 1558; x_wconf 84' lang='lat' dir='ltr'>Ferisque</span> <span class='ocrx_word' id='word_1_58' title='bbox 481 1502 578 1540; x_wconf 93' lang='lat' dir='ltr'>rursus</span> <span class='ocrx_word' id='word_1_59' title='bbox 592 1484 777 1558; x_wconf 79' lang='lat' dir='ltr'>occupabitur</span> <span class='ocrx_word' id='word_1_60' title='bbox 792 1484 892 1541; x_wconf 90' lang='lat' dir='ltr'>solum.</span> <span class='ocrx_word' id='word_1_61' title='bbox 1163 1484 1200 1542; x_wconf 85' lang='lat'>10</span> 
     </span>
     <span class='ocr_line' id='line_1_14' title="bbox 292 1559 1069 1634; baseline -0.003 -14"><span class='ocrx_word' id='word_1_62' title='bbox 292 1562 444 1634; x_wconf 87' lang='lat' dir='ltr'>Barbarus,</span> <span class='ocrx_word' id='word_1_63' title='bbox 459 1563 531 1619; x_wconf 91' lang='lat' dir='ltr'>heu!</span> <span class='ocrx_word' id='word_1_64' title='bbox 554 1562 665 1619; x_wconf 91' lang='lat' dir='ltr'>cineres</span> <span class='ocrx_word' id='word_1_65' title='bbox 680 1563 791 1619; x_wconf 88' lang='lat' dir='ltr'>insistet</span> <span class='ocrx_word' id='word_1_66' title='bbox 805 1563 903 1634; x_wconf 89' lang='lat' dir='ltr'>victor,</span> <span class='ocrx_word' id='word_1_67' title='bbox 918 1568 947 1618; x_wconf 88' lang='lat' dir='ltr'>et</span> <span class='ocrx_word' id='word_1_68' title='bbox 962 1559 1069 1618; x_wconf 89' lang='lat' dir='ltr'>Urbem</span> 
     </span>
     <span class='ocr_line' id='line_1_15' title="bbox 329 1639 868 1716; baseline -0.002 -19"><span class='ocrx_word' id='word_1_69' title='bbox 329 1639 425 1715; x_wconf 82' lang='lat' dir='ltr'>Eques</span> <span class='ocrx_word' id='word_1_70' title='bbox 439 1650 558 1698; x_wconf 87' lang='lat' dir='ltr'>sonante</span> <span class='ocrx_word' id='word_1_71' title='bbox 573 1641 731 1698; x_wconf 85' lang='lat' dir='ltr'>verberabit</span> <span class='ocrx_word' id='word_1_72' title='bbox 745 1641 868 1716; x_wconf 71' lang='lat' dir='ltr'>ungula:</span> 
     </span>
     <span class='ocr_line' id='line_1_16' title="bbox 291 1717 1033 1792; baseline 0 -18"><span class='ocrx_word' id='word_1_73' title='bbox 291 1718 423 1792; x_wconf 73' lang='lat' dir='ltr'>Quaque</span> <span class='ocrx_word' id='word_1_74' title='bbox 438 1728 536 1775; x_wconf 90' lang='lat' dir='ltr'>carent</span> <span class='ocrx_word' id='word_1_75' title='bbox 550 1719 641 1774; x_wconf 88' lang='lat' dir='ltr'>ventis</span> <span class='ocrx_word' id='word_1_76' title='bbox 655 1730 683 1774; x_wconf 91' lang='lat' dir='ltr'>et</span> <span class='ocrx_word' id='word_1_77' title='bbox 698 1720 814 1789; x_wconf 83' lang='lat' dir='ltr'>solibus,</span> <span class='ocrx_word' id='word_1_78' title='bbox 828 1738 892 1775; x_wconf 91' lang='lat' dir='ltr'>ossa</span> <span class='ocrx_word' id='word_1_79' title='bbox 905 1717 1033 1788; x_wconf 80' lang='lat' dir='ltr'>Quirini,</span> 
     </span>
     <span class='ocr_line' id='line_1_17' title="bbox 332 1793 866 1870; baseline -0.002 -18"><span class='ocrx_word' id='word_1_80' title='bbox 332 1795 424 1854; x_wconf 85' lang='lat' dir='ltr'>Nefas</span> <span class='ocrx_word' id='word_1_81' title='bbox 439 1793 549 1852; x_wconf 85' lang='lat' dir='ltr'>videre!</span> <span class='ocrx_word' id='word_1_82' title='bbox 573 1796 719 1870; x_wconf 90' lang='lat' dir='ltr'>dissipabit</span> <span class='ocrx_word' id='word_1_83' title='bbox 733 1796 866 1853; x_wconf 92' lang='lat' dir='ltr'>insolens.</span> 
     </span>
     <span class='ocr_line' id='line_1_18' title="bbox 293 1871 1199 1950; baseline -0.001 -18"><span class='ocrx_word' id='word_1_84' title='bbox 293 1871 389 1945; x_wconf 69' lang='lat' dir='ltr'>Forte,</span> <span class='ocrx_word' id='word_1_85' title='bbox 404 1873 472 1948; x_wconf 93' lang='lat' dir='ltr'>quid</span> <span class='ocrx_word' id='word_1_86' title='bbox 486 1873 627 1950; x_wconf 84' lang='lat' dir='ltr'>expediat,</span> <span class='ocrx_word' id='word_1_87' title='bbox 643 1875 841 1946; x_wconf 87' lang='lat' dir='ltr'>communiter,</span> <span class='ocrx_word' id='word_1_88' title='bbox 857 1883 905 1930; x_wconf 91' lang='lat' dir='ltr'>aut</span> <span class='ocrx_word' id='word_1_89' title='bbox 920 1874 1019 1931; x_wconf 90' lang='lat' dir='ltr'>melior</span> <span class='ocrx_word' id='word_1_90' title='bbox 1033 1891 1107 1949; x_wconf 86' lang='lat' dir='ltr'>pars,</span> <span class='ocrx_word' id='word_1_91' title='bbox 1163 1875 1199 1932; x_wconf 89' lang='grc'>15</span> 
     </span>
     <span class='ocr_line' id='line_1_19' title="bbox 333 1952 834 2028; baseline 0 -19"><span class='ocrx_word' id='word_1_92' title='bbox 333 1952 418 2009; x_wconf 88' lang='lat' dir='ltr'>Malis</span> <span class='ocrx_word' id='word_1_93' title='bbox 432 1972 529 2010; x_wconf 90' lang='lat' dir='ltr'>carere</span> <span class='ocrx_word' id='word_1_94' title='bbox 544 1953 669 2028; x_wconf 72' lang='lat' dir='ltr'>quaeritis</span> <span class='ocrx_word' id='word_1_95' title='bbox 683 1953 834 2010; x_wconf 84' lang='lat' dir='ltr'>laboribus.</span> 
     </span>
     <span class='ocr_line' id='line_1_20' title="bbox 293 2030 981 2108; baseline 0 -20"><span class='ocrx_word' id='word_1_96' title='bbox 293 2030 380 2089; x_wconf 87' lang='lat' dir='ltr'>Nulla</span> <span class='ocrx_word' id='word_1_97' title='bbox 394 2033 429 2089; x_wconf 91' lang='lat' dir='ltr'>sit</span> <span class='ocrx_word' id='word_1_98' title='bbox 443 2033 497 2088; x_wconf 93' lang='lat' dir='ltr'>hac</span> <span class='ocrx_word' id='word_1_99' title='bbox 512 2035 602 2108; x_wconf 93' lang='lat' dir='ltr'>potior</span> <span class='ocrx_word' id='word_1_100' title='bbox 616 2033 773 2090; x_wconf 87' lang='lat' dir='ltr'>sententia:</span> <span class='ocrx_word' id='word_1_101' title='bbox 795 2031 981 2089; x_wconf 76' lang='lat' dir='ltr'>Phocaeorum</span> 
     </span>
     <span class='ocr_line' id='line_1_21' title="bbox 331 2111 836 2186; baseline 0 -18"><span class='ocrx_word' id='word_1_102' title='bbox 331 2111 418 2168; x_wconf 90' lang='lat' dir='ltr'>Velut</span> <span class='ocrx_word' id='word_1_103' title='bbox 431 2111 555 2186; x_wconf 84' lang='lat' dir='ltr'>profugit</span> <span class='ocrx_word' id='word_1_104' title='bbox 569 2122 714 2168; x_wconf 71' lang='lat' dir='ltr'>exsecrata</span> <span class='ocrx_word' id='word_1_105' title='bbox 728 2111 836 2183; x_wconf 88' lang='lat' dir='ltr'>civitas,</span> 
     </span>
     <span class='ocr_line' id='line_1_22' title="bbox 290 2189 1037 2266; baseline 0.001 -20"><span class='ocrx_word' id='word_1_106' title='bbox 290 2189 384 2266; x_wconf 83' lang='lat' dir='ltr'>Agros</span> <span class='ocrx_word' id='word_1_107' title='bbox 398 2202 482 2265; x_wconf 91' lang='lat' dir='ltr'>atque</span> <span class='ocrx_word' id='word_1_108' title='bbox 496 2189 584 2248; x_wconf 90' lang='lat' dir='ltr'>Lares</span> <span class='ocrx_word' id='word_1_109' title='bbox 597 2191 732 2266; x_wconf 87' lang='lat' dir='ltr'>proprios,</span> <span class='ocrx_word' id='word_1_110' title='bbox 748 2191 957 2266; x_wconf 85' lang='lat' dir='ltr'>habitandaque</span> <span class='ocrx_word' id='word_1_111' title='bbox 972 2189 1037 2247; x_wconf 87' lang='lat' dir='ltr'>fana</span> 
     </span>
     <span class='ocr_line' id='line_1_23' title="bbox 329 2268 1197 2346; baseline 0.001 -21"><span class='ocrx_word' id='word_1_112' title='bbox 329 2269 415 2344; x_wconf 87' lang='lat' dir='ltr'>Apris</span> <span class='ocrx_word' id='word_1_113' title='bbox 429 2268 543 2344; x_wconf 88' lang='lat' dir='ltr'>reliquit</span> <span class='ocrx_word' id='word_1_114' title='bbox 557 2279 586 2326; x_wconf 95' lang='lat' dir='ltr'>et</span> <span class='ocrx_word' id='word_1_115' title='bbox 599 2271 749 2345; x_wconf 83' lang='lat' dir='ltr'>rapacibus</span> <span class='ocrx_word' id='word_1_116' title='bbox 763 2271 853 2346; x_wconf 89' lang='lat' dir='ltr'>lupis;</span> <span class='ocrx_word' id='word_1_117' title='bbox 1157 2269 1197 2326; x_wconf 76' lang='lat'>20</span> 
     </span>
     <span class='ocr_line' id='line_1_24' title="bbox 289 2345 1092 2426; baseline 0.002 -24"><span class='ocrx_word' id='word_1_118' title='bbox 289 2345 335 2404; x_wconf 91' lang='lat' dir='ltr'>Ire</span> <span class='ocrx_word' id='word_1_119' title='bbox 347 2348 437 2424; x_wconf 83' lang='lat' dir='ltr'>&#39;pedes</span> <span class='ocrx_word' id='word_1_120' title='bbox 450 2367 619 2423; x_wconf 89' lang='lat' dir='ltr'>quocunqne</span> <span class='ocrx_word' id='word_1_121' title='bbox 635 2349 736 2420; x_wconf 88' lang='lat' dir='ltr'>ferent,</span> <span class='ocrx_word' id='word_1_122' title='bbox 751 2368 920 2423; x_wconf 90' lang='lat' dir='ltr'>quocunque</span> <span class='ocrx_word' id='word_1_123' title='bbox 935 2368 985 2426; x_wconf 89' lang='lat' dir='ltr'>per</span> <span class='ocrx_word' id='word_1_124' title='bbox 1000 2347 1092 2405; x_wconf 88' lang='lat' dir='ltr'>undas</span> 
     </span>
     <span class='ocr_line' id='line_1_25' title="bbox 328 2425 909 2502; baseline 0 -19"><span class='ocrx_word' id='word_1_125' title='bbox 328 2425 422 2484; x_wconf 91' lang='lat' dir='ltr'>Notus</span> <span class='ocrx_word' id='word_1_126' title='bbox 437 2427 547 2484; x_wconf 86' lang='lat' dir='ltr'>vocabit</span> <span class='ocrx_word' id='word_1_127' title='bbox 561 2437 609 2484; x_wconf 90' lang='lat' dir='ltr'>aut</span> <span class='ocrx_word' id='word_1_128' title='bbox 623 2438 771 2502; x_wconf 88' lang='lat' dir='ltr'>protervus</span> <span class='ocrx_word' id='word_1_129' title='bbox 785 2429 909 2484; x_wconf 88' lang='lat' dir='ltr'>Africus.</span> 
     </span>
     <span class='ocr_line' id='line_1_26' title="bbox 290 2503 1123 2580; baseline 0 -18"><span class='ocrx_word' id='word_1_130' title='bbox 290 2505 340 2562; x_wconf 85' lang='lat' dir='ltr'>Sic</span> <span class='ocrx_word' id='word_1_131' title='bbox 354 2505 467 2580; x_wconf 78' lang='lat' dir='ltr'>placetl</span> <span class='ocrx_word' id='word_1_132' title='bbox 489 2525 526 2561; x_wconf 89' lang='lat' dir='ltr'>an</span> <span class='ocrx_word' id='word_1_133' title='bbox 541 2503 643 2562; x_wconf 77' lang='lat' dir='ltr'>melius</span> <span class='ocrx_word' id='word_1_134' title='bbox 658 2514 721 2580; x_wconf 91' lang='lat' dir='ltr'>quis</span> <span class='ocrx_word' id='word_1_135' title='bbox 735 2507 820 2562; x_wconf 89' lang='lat' dir='ltr'>babet</span> <span class='ocrx_word' id='word_1_136' title='bbox 834 2506 974 2562; x_wconf 70' lang='lat' dir='ltr'>suadere?</span> <span class='ocrx_word' id='word_1_137' title='bbox 995 2504 1123 2562; x_wconf 78' lang='lat' dir='ltr'>secunda</span> 
     </span>
     <span class='ocr_line' id='line_1_27' title="bbox 253 2583 926 2660; baseline 0.001 -20"><span class='ocrx_word' id='word_1_138' title='bbox 253 2603 256 2610; x_wconf 64' lang='lat'><strong>⁴</strong></span> <span class='ocrx_word' id='word_1_139' title='bbox 328 2583 434 2641; x_wconf 88' lang='lat' dir='ltr'>Ratern</span> <span class='ocrx_word' id='word_1_140' title='bbox 448 2604 588 2659; x_wconf 90' lang='lat' dir='ltr'>occupare</span> <span class='ocrx_word' id='word_1_141' title='bbox 602 2585 669 2660; x_wconf 92' lang='lat' dir='ltr'>quid</span> <span class='ocrx_word' id='word_1_142' title='bbox 684 2599 825 2642; x_wconf 83' lang='lat' dir='ltr'>moramur</span> <span class='ocrx_word' id='word_1_143' title='bbox 840 2585 926 2642; x_wconf 78' lang='lat' dir='ltr'>alitel</span> 
     </span>
     <span class='ocr_line' id='line_1_28' title="bbox 288 2661 1195 2738; baseline -0.002 -18"><span class='ocrx_word' id='word_1_144' title='bbox 288 2663 347 2720; x_wconf 85' lang='lat' dir='ltr'>Sed</span> <span class='ocrx_word' id='word_1_145' title='bbox 358 2662 486 2738; x_wconf 86' lang='lat' dir='ltr'>juremus</span> <span class='ocrx_word' id='word_1_146' title='bbox 500 2663 529 2720; x_wconf 88' lang='lat' dir='ltr'>iu</span> <span class='ocrx_word' id='word_1_147' title='bbox 545 2665 622 2720; x_wconf 85' lang='lat' dir='ltr'>haec:</span> <span class='ocrx_word' id='word_1_148' title='bbox 645 2665 764 2720; x_wconf 85' lang='lat' dir='ltr'>“Simul</span> <span class='ocrx_word' id='word_1_149' title='bbox 781 2665 845 2721; x_wconf 88' lang='lat' dir='ltr'>imis</span> <span class='ocrx_word' id='word_1_150' title='bbox 859 2683 927 2721; x_wconf 87' lang='lat' dir='ltr'>saxa</span> <span class='ocrx_word' id='word_1_151' title='bbox 940 2663 1068 2720; x_wconf 70' lang='lat' dir='ltr'>renarint</span> <span class='ocrx_word' id='word_1_152' title='bbox 1156 2661 1195 2718; x_wconf 77' lang='lat'>25</span> 
     </span>
     <span class='ocr_line' id='line_1_29' title="bbox 335 2742 860 2812; baseline 0 -14"><span class='ocrx_word' id='word_1_153' title='bbox 335 2742 425 2799; x_wconf 91' lang='lat' dir='ltr'>Vadis</span> <span class='ocrx_word' id='word_1_154' title='bbox 438 2742 539 2812; x_wconf 86' lang='lat' dir='ltr'>levata,</span> <span class='ocrx_word' id='word_1_155' title='bbox 555 2761 593 2798; x_wconf 88' lang='lat' dir='ltr'>nc</span> <span class='ocrx_word' id='word_1_156' title='bbox 606 2743 698 2799; x_wconf 88' lang='lat' dir='ltr'>redire</span> <span class='ocrx_word' id='word_1_157' title='bbox 714 2745 749 2800; x_wconf 90' lang='lat' dir='ltr'>sit</span> <span class='ocrx_word' id='word_1_158' title='bbox 763 2744 860 2799; x_wconf 85' lang='lat' dir='ltr'>nefas:</span> 
     </span>
     <span class='ocr_line' id='line_1_30' title="bbox 288 2819 1065 2894; baseline 0 -18"><span class='ocrx_word' id='word_1_159' title='bbox 288 2819 356 2876; x_wconf 89' lang='lat' dir='ltr'>Neu</span> <span class='ocrx_word' id='word_1_160' title='bbox 370 2839 506 2876; x_wconf 79' lang='lat' dir='ltr'>conversa</span> <span class='ocrx_word' id='word_1_161' title='bbox 520 2821 635 2876; x_wconf 93' lang='lat' dir='ltr'>domum</span> <span class='ocrx_word' id='word_1_162' title='bbox 648 2823 744 2894; x_wconf 88' lang='lat' dir='ltr'>pigeat</span> <span class='ocrx_word' id='word_1_163' title='bbox 759 2823 826 2876; x_wconf 89' lang='lat' dir='ltr'>dare</span> <span class='ocrx_word' id='word_1_164' title='bbox 840 2821 937 2890; x_wconf 90' lang='lat' dir='ltr'>lintea,</span> <span class='ocrx_word' id='word_1_165' title='bbox 952 2820 1065 2894; x_wconf 86' lang='lat' dir='ltr'>quando</span> 
     </span>
     <span class='ocr_line' id='line_1_31' title="bbox 328 2896 840 2966; baseline 0.002 -13"><span class='ocrx_word' id='word_1_166' title='bbox 328 2897 423 2953; x_wconf 91' lang='lat' dir='ltr'>Padus</span> <span class='ocrx_word' id='word_1_167' title='bbox 438 2896 549 2953; x_wconf 87' lang='lat' dir='ltr'>Matina</span> <span class='ocrx_word' id='word_1_168' title='bbox 562 2897 660 2953; x_wconf 88' lang='lat' dir='ltr'>laverit</span> <span class='ocrx_word' id='word_1_169' title='bbox 673 2898 840 2966; x_wconf 82' lang='lat' dir='ltr'>cacumina3</span> 
     </span>
     <span class='ocr_line' id='line_1_32' title="bbox 289 2974 974 3050; baseline 0 -18"><span class='ocrx_word' id='word_1_170' title='bbox 289 2974 325 3032; x_wconf 90' lang='lat' dir='ltr'>In</span> <span class='ocrx_word' id='word_1_171' title='bbox 338 2994 416 3031; x_wconf 89' lang='lat' dir='ltr'>mare</span> <span class='ocrx_word' id='word_1_172' title='bbox 431 2993 481 3030; x_wconf 86' lang='lat' dir='ltr'>seu</span> <span class='ocrx_word' id='word_1_173' title='bbox 495 2974 589 3029; x_wconf 88' lang='lat' dir='ltr'>celsus</span> <span class='ocrx_word' id='word_1_174' title='bbox 602 2977 770 3048; x_wconf 87' lang='lat' dir='ltr'>procurrerit</span> <span class='ocrx_word' id='word_1_175' title='bbox 786 2977 974 3050; x_wconf 90' lang='lat' dir='ltr'>Apenninus;</span> 
     </span>
     <span class='ocr_line' id='line_1_33' title="bbox 328 3050 1197 3127; baseline -0.002 -17"><span class='ocrx_word' id='word_1_176' title='bbox 328 3053 467 3127; x_wconf 74' lang='lat' dir='ltr'>Novaque</span> <span class='ocrx_word' id='word_1_177' title='bbox 481 3062 606 3109; x_wconf 89' lang='lat' dir='ltr'>monstra</span> <span class='ocrx_word' id='word_1_178' title='bbox 617 3053 743 3127; x_wconf 85' lang='lat' dir='ltr'>junxerit</span> <span class='ocrx_word' id='word_1_179' title='bbox 756 3054 874 3110; x_wconf 88' lang='lat' dir='ltr'>libidine</span> <span class='ocrx_word' id='word_1_180' title='bbox 1157 3050 1197 3108; x_wconf 79' lang='lat'>30</span> 
     </span>
     <span class='ocr_line' id='line_1_34' title="bbox 288 3130 992 3205; baseline -0.009 -14"><span class='ocrx_word' id='word_1_181' title='bbox 288 3131 381 3190; x_wconf 92' lang='lat' dir='ltr'>Mirus</span> <span class='ocrx_word' id='word_1_182' title='bbox 395 3151 483 3201; x_wconf 90' lang='lat' dir='ltr'>amor,</span> <span class='ocrx_word' id='word_1_183' title='bbox 495 3130 574 3205; x_wconf 89' lang='lat' dir='ltr'>juvet</span> <span class='ocrx_word' id='word_1_184' title='bbox 589 3142 619 3186; x_wconf 93' lang='lat' dir='ltr'>ut</span> <span class='ocrx_word' id='word_1_185' title='bbox 634 3131 719 3205; x_wconf 82' lang='lat' dir='ltr'>tigres</span> <span class='ocrx_word' id='word_1_186' title='bbox 733 3131 878 3188; x_wconf 88' lang='lat' dir='ltr'>subsidere</span> <span class='ocrx_word' id='word_1_187' title='bbox 892 3130 992 3201; x_wconf 87' lang='lat' dir='ltr'>cervis,</span> 
     </span>
     <span class='ocr_line' id='line_1_35' title="bbox 327 3208 811 3280; baseline -0.008 -11"><span class='ocrx_word' id='word_1_188' title='bbox 327 3211 513 3269; x_wconf 81' lang='lat' dir='ltr'>Adulteratur</span> <span class='ocrx_word' id='word_1_189' title='bbox 527 3220 556 3266; x_wconf 90' lang='lat' dir='ltr'>et</span> <span class='ocrx_word' id='word_1_190' title='bbox 569 3210 701 3266; x_wconf 87' lang='lat' dir='ltr'>columba</span> <span class='ocrx_word' id='word_1_191' title='bbox 715 3208 811 3280; x_wconf 89' lang='lat' dir='ltr'>miluo,</span> 
     </span>
     <span class='ocr_line' id='line_1_36' title="bbox 287 3288 972 3359; baseline -0.01 -10"><span class='ocrx_word' id='word_1_192' title='bbox 287 3291 414 3349; x_wconf 87' lang='lat' dir='ltr'>Credula</span> <span class='ocrx_word' id='word_1_193' title='bbox 428 3309 483 3348; x_wconf 88' lang='lat' dir='ltr'>nec</span> <span class='ocrx_word' id='word_1_194' title='bbox 497 3308 577 3346; x_wconf 92' lang='lat' dir='ltr'>ravos</span> <span class='ocrx_word' id='word_1_195' title='bbox 591 3290 710 3346; x_wconf 83' lang='lat' dir='ltr'>timeant</span> <span class='ocrx_word' id='word_1_196' title='bbox 725 3300 852 3346; x_wconf 89' lang='lat' dir='ltr'>armenta</span> <span class='ocrx_word' id='word_1_197' title='bbox 865 3288 972 3359; x_wconf 88' lang='lat' dir='ltr'>leones,</span> 
     </span>
     <span class='ocr_line' id='line_1_37' title="bbox 327 3367 907 3446; baseline -0.007 -18"><span class='ocrx_word' id='word_1_198' title='bbox 327 3373 469 3446; x_wconf 89' lang='lat' dir='ltr'>Ametque</span> <span class='ocrx_word' id='word_1_199' title='bbox 484 3367 558 3425; x_wconf 90' lang='lat' dir='ltr'>salsa</span> <span class='ocrx_word' id='word_1_200' title='bbox 571 3369 640 3426; x_wconf 81' lang='lat' dir='ltr'>levis</span> <span class='ocrx_word' id='word_1_201' title='bbox 655 3369 751 3426; x_wconf 88' lang='lat' dir='ltr'>hircus</span> <span class='ocrx_word' id='word_1_202' title='bbox 766 3367 907 3444; x_wconf 83' lang='lat' dir='ltr'>aequora.&#39;’</span> 
     </span>
     <span class='ocr_line' id='line_1_38' title="bbox 288 3445 1195 3525; baseline -0.003 -19"><span class='ocrx_word' id='word_1_203' title='bbox 288 3449 371 3521; x_wconf 84' lang='lat' dir='ltr'>Haec,</span> <span class='ocrx_word' id='word_1_204' title='bbox 386 3462 414 3506; x_wconf 91' lang='lat' dir='ltr'>et</span> <span class='ocrx_word' id='word_1_205' title='bbox 428 3467 491 3525; x_wconf 86' lang='lat' dir='ltr'>quae</span> <span class='ocrx_word' id='word_1_206' title='bbox 505 3460 636 3524; x_wconf 88' lang='lat' dir='ltr'>poterunt</span> <span class='ocrx_word' id='word_1_207' title='bbox 651 3450 758 3506; x_wconf 91' lang='lat' dir='ltr'>reditus</span> <span class='ocrx_word' id='word_1_208' title='bbox 774 3447 942 3504; x_wconf 86' lang='lat' dir='ltr'>abscindere</span> <span class='ocrx_word' id='word_1_209' title='bbox 957 3445 1065 3518; x_wconf 88' lang='lat' dir='ltr'>dulces,</span> <span class='ocrx_word' id='word_1_210' title='bbox 1156 3446 1195 3503; x_wconf 83' lang='lat'>35</span> 
     </span>
     <span class='ocr_line' id='line_1_39' title="bbox 326 3528 822 3597; baseline -0.004 -12"><span class='ocrx_word' id='word_1_211' title='bbox 326 3528 433 3585; x_wconf 89' lang='lat' dir='ltr'>Eamus</span> <span class='ocrx_word' id='word_1_212' title='bbox 447 3529 539 3585; x_wconf 91' lang='lat' dir='ltr'>omnis</span> <span class='ocrx_word' id='word_1_213' title='bbox 553 3541 700 3586; x_wconf 81' lang='lat' dir='ltr'>exsecrata</span> <span class='ocrx_word' id='word_1_214' title='bbox 714 3529 822 3597; x_wconf 71' lang='lat' dir='ltr'>civitas</span> 
     </span>
     <span class='ocr_line' id='line_1_40' title="bbox 288 3605 1056 3682; baseline -0.003 -18"><span class='ocrx_word' id='word_1_215' title='bbox 288 3607 349 3664; x_wconf 88' lang='lat' dir='ltr'>Aut</span> <span class='ocrx_word' id='word_1_216' title='bbox 361 3626 426 3681; x_wconf 89' lang='lat' dir='ltr'>pars</span> <span class='ocrx_word' id='word_1_217' title='bbox 439 3607 556 3664; x_wconf 91' lang='lat' dir='ltr'>indocili</span> <span class='ocrx_word' id='word_1_218' title='bbox 570 3607 670 3664; x_wconf 89' lang='lat' dir='ltr'>melior</span> <span class='ocrx_word' id='word_1_219' title='bbox 683 3625 786 3682; x_wconf 82' lang='lat' dir='ltr'>grege:</span> <span class='ocrx_word' id='word_1_220' title='bbox 808 3605 900 3662; x_wconf 92' lang='lat' dir='ltr'>mollis</span> <span class='ocrx_word' id='word_1_221' title='bbox 913 3615 942 3662; x_wconf 87' lang='lat' dir='ltr'>et</span> <span class='ocrx_word' id='word_1_222' title='bbox 955 3623 1056 3681; x_wconf 84' lang='lat' dir='ltr'>exspes</span> 
     </span>
     <span class='ocr_line' id='line_1_41' title="bbox 328 3684 785 3762; baseline 0.004 -22"><span class='ocrx_word' id='word_1_223' title='bbox 328 3684 489 3742; x_wconf 91' lang='lat' dir='ltr'>lnominata</span> <span class='ocrx_word' id='word_1_224' title='bbox 501 3687 656 3762; x_wconf 87' lang='lat' dir='ltr'>perprimat</span> <span class='ocrx_word' id='word_1_225' title='bbox 670 3685 785 3742; x_wconf 88' lang='lat' dir='ltr'>cubilia.</span> 
     </span>
     <span class='ocr_line' id='line_1_42' title="bbox 288 3763 1055 3837; baseline 0.001 -17"><span class='ocrx_word' id='word_1_226' title='bbox 288 3763 357 3833; x_wconf 89' lang='lat' dir='ltr'>Vos,</span> <span class='ocrx_word' id='word_1_227' title='bbox 371 3764 473 3836; x_wconf 90' lang='lat' dir='ltr'>quibus</span> <span class='ocrx_word' id='word_1_228' title='bbox 487 3776 529 3821; x_wconf 92' lang='lat' dir='ltr'>est</span> <span class='ocrx_word' id='word_1_229' title='bbox 544 3766 640 3834; x_wconf 86' lang='lat' dir='ltr'>virtus,</span> <span class='ocrx_word' id='word_1_230' title='bbox 655 3763 822 3820; x_wconf 87' lang='lat' dir='ltr'>muliebrem</span> <span class='ocrx_word' id='word_1_231' title='bbox 836 3765 923 3823; x_wconf 89' lang='lat' dir='ltr'>tollite</span> <span class='ocrx_word' id='word_1_232' title='bbox 937 3765 1055 3837; x_wconf 83' lang='lat' dir='ltr'>luctrtm,</span> 
     </span>
    </p>
   </div>
   <div class='ocr_carea' id='block_1_6' title="bbox 327 3841 1195 3978">
    <p class='ocr_par' dir='ltr' id='par_1_6' title="bbox 327 3841 1195 3978">
     <span class='ocr_line' id='line_1_43' title="bbox 327 3841 1195 3978; baseline -0.002 -78"><span class='ocrx_word' id='word_1_233' title='bbox 327 3842 449 3900; x_wconf 84' lang='lat' dir='ltr'>Etrusca</span> <span class='ocrx_word' id='word_1_234' title='bbox 462 3855 563 3978; x_wconf 61' lang='lat' dir='ltr'>preater</span> <span class='ocrx_word' id='word_1_235' title='bbox 578 3854 606 3899; x_wconf 90' lang='lat' dir='ltr'>et</span> <span class='ocrx_word' id='word_1_236' title='bbox 620 3843 710 3899; x_wconf 87' lang='lat' dir='ltr'>volate</span> <span class='ocrx_word' id='word_1_237' title='bbox 724 3843 825 3900; x_wconf 73' lang='lat' dir='ltr'>littora.</span> <span class='ocrx_word' id='word_1_238' title='bbox 1155 3841 1195 3898; x_wconf 86' lang='grc'>40</span> 
     </span>
    </p>
   </div>
   <div class='ocr_carea' id='block_1_7' title="bbox 0 0 1358 4362">
    <p class='ocr_par' dir='ltr' id='par_1_7' title="bbox 0 0 1358 4362">
     <span class='ocr_line' id='line_1_44' title="bbox 0 0 1358 4362; baseline 0 0"><span class='ocrx_word' id='word_1_239' title='bbox 0 0 1358 4362; x_wconf 95' lang='lat' dir='ltr'> </span> 
     </span>
    </p>
   </div>
  </div>
 </body>
</html>
