2706 4362
504 340 710 412 santernum
726 361 793 411 cra.
811 361 832 411 1.
849 364 872 410 r.
1127 367 1181 428 tol

232 502 385 564 Formabat
396 523 518 581 puerum
531 505 633 576 dictis:
654 516 683 562 et
697 505 756 562 sive
767 504 887 581 jubebat
1125 507 1183 567 12⁰

232 582 270 642 Ut
283 584 406 642 lacerem
419 584 497 658 quid,
512 584 638 642 “Habes
651 594 796 642 auctorem
809 601 867 659 quo
880 582 969 641 facias
982 583 1038 646 hoc
1046 585 1073 655 ;''

231 661 327 720 Unum
341 682 377 721 ex
387 663 534 738 judicibus
548 663 660 720 selectis
673 663 843 738 objiciebat:

232 739 299 798 Sive
313 742 435 816 vetabat,
450 742 520 798 “An
535 743 590 800 hoc
603 742 785 799 inhonestum
799 753 829 799 et
842 741 942 799 inutile
954 742 1063 800 factum

231 818 335 878 Necne
349 821 395 892 sit,
409 820 569 892 addubites,
584 819 684 896 flagret
697 839 809 878 rumore
823 821 898 878 malo
911 839 999 896 quum
1099 860 1103 870 ·

232 897 291 955 llio
305 910 389 974 atque
404 899 487 959 illet”
510 899 619 957 Avidos
633 899 758 956 vicinum
772 900 859 957 sunus
872 910 904 957 ut
918 918 1008 975 aegros
1126 900 1182 958 125

232 976 395 1049 Exanimat,
409 977 564 1052 mortisque
577 989 656 1036 metu
670 978 724 1034 sibi
737 997 854 1053 parcere
868 975 963 1054 cogit;

233 1056 284 1112 Sic
296 1067 410 1114 teneros
424 1056 535 1114 animos
549 1056 645 1114 aliena
658 1057 806 1132 opprobria
819 1053 895 1132 saepd

233 1135 403 1192 Absterrcnt
416 1134 499 1192 vitiis.
541 1135 586 1192 Ex
603 1136 659 1193 hoc
672 1155 727 1210 ego
741 1153 827 1193 sanus
842 1134 946 1192 abillis

232 1212 394 1271 Perniciem
408 1231 587 1288 quecunque
602 1215 713 1284 lerunt;
734 1214 935 1286 mediocribus,
949 1224 979 1272 et
990 1214 1071 1289 queis

232 1291 379 1370 Ignoscas,
394 1291 468 1350 vitiis
481 1302 597 1350 teneor:
620 1293 746 1350 fortassis
760 1302 789 1350 et
801 1293 907 1350 isthinc
1126 1294 1182 1352 130

231 1370 360 1448 Largiter
373 1368 520 1429 abstulerit
533 1371 620 1448 longa
634 1381 711 1445 aetas,
726 1371 797 1429 liber
811 1371 931 1442 amicus,

232 1449 390 1509 Consilium
403 1450 556 1526 proprium.
598 1449 702 1524 Neque
715 1450 804 1524 enim,
818 1469 905 1526 quum
919 1449 1042 1508 lectulus
1055 1461 1106 1508 aut
1119 1469 1165 1510 me

155 1601 157 1606 Ι
231 1528 361 1587 Porticus
373 1530 495 1606 excepit,
509 1530 611 1586 desum
624 1529 712 1587 mihi:
734 1530 885 1587 “Rectius
899 1530 954 1586 hoo
968 1540 1026 1598 est;

231 1608 298 1667 Hoo
312 1608 430 1680 faciens,
444 1607 537 1666 viram
551 1606 670 1678 melids;
692 1608 734 1666 sic
748 1609 841 1666 dulcis
854 1607 955 1666 amicis

230 1687 408 1746 Ocoumam:
429 1687 484 1744 boc
497 1687 613 1762 quidam
627 1707 686 1746 nou
696 1685 790 1756 belle3
812 1687 951 1762 numquid
964 1705 1019 1762 ego
1032 1686 1073 1744 illi
1126 1687 1182 1747 135

153 1809 157 1816 .
232 1764 405 1840 Imprudens
418 1765 486 1822 olim
500 1763 604 1821 faciam
619 1765 711 1821 simile
719 1766 750 1821 l’'
773 1765 847 1821 Haec
860 1783 922 1840 ego
928 1781 1043 1822 mecum

233 1842 412 1919 Compressis
426 1842 503 1918 agito
516 1841 618 1913 labris3
640 1843 690 1899 ubi
703 1842 771 1918 quid
786 1843 869 1900 datur
881 1840 932 1914 oti,

232 1922 329 1980 Illudo
341 1921 457 1980 chartis.
500 1919 567 1979 Hoc
579 1933 624 1979 est
636 1921 830 1980 mediocribus
841 1919 898 1980 illis

232 2001 278 2060 Ex
291 2000 366 2057 vitiis
380 2019 488 2071 unum3
509 1999 557 2058 cui
571 1999 595 2058 si
609 2001 770 2059 concedere
783 2000 867 2073 nolis,
941 2045 944 2050 .

231 2079 326 2138 Multa
338 2083 488 2156 poetarum
502 2079 597 2137 veniat
611 2099 724 2153 manus,
740 2079 925 2154 auxilioque
1126 2078 1182 2138 140

231 2159 276 2216 Sit
288 2157 370 2232 milri,
384 2177 451 2216 nam
465 2154 556 2215 multd
569 2159 665 2235 plures
679 2177 793 2232 sumus3
816 2178 851 2216 ao
865 2158 952 2219 veluti
966 2169 994 2218 te

230 2237 325 2296 Judai
339 2253 475 2316 cogemus
488 2237 519 2295 in
532 2237 608 2296 hauc
622 2239 782 2297 concedere
795 2238 915 2296 turbam.

576 2591 735 2654 SATIRA
755 2593 792 2652 V.

230 2713 395 2773 annssuu
408 2713 514 2790 magnai
528 2731 575 2770 me
589 2713 703 2788 excepit
716 2711 817 2770 Aricia
830 2713 928 2772 Romi

229 2793 362 2868 Hospitio
375 2792 489 2850 modico
500 2812 507 2861 3
529 2792 624 2848 rhetor
638 2809 736 2848 comes
749 2790 932 2863 Heliodorus,

229 2873 395 2928 Graecorum
408 2868 494 2944 longe
510 2868 703 2925 doctissimus:
740 2865 814 2927 Inde
829 2867 936 2927 Forum
950 2866 1039 2944 Appi,

229 2949 382 3007 Differtom
396 2945 501 3017 nauus,
515 2945 693 3020 cauponibus
706 2954 790 3018 atque
803 2944 945 3024 malignis.

230 3028 297 3086 Hoc
310 3027 364 3085 iter
377 3024 473 3102 ignavi
486 3023 642 3093 divisimus,
657 3019 742 3079 altilis
756 3041 791 3081 ao
804 3043 857 3083 uos
1158 3026 1178 3082 5

229 3104 398 3166 Praeoinotis
411 3097 517 3160 unum:
539 3097 635 3158 minus
647 3111 691 3156 est
704 3102 797 3174 gravis
810 3104 906 3178 Appia
915 3101 1012 3160 tardis.

229 3185 289 3245 Hic
302 3206 366 3264 ego,
379 3192 492 3259 propter
507 3197 618 3254 aquam,
633 3175 784 3253 quoderat
797 3180 959 3252 deterrime,
973 3177 1064 3238 ventri

229 3266 332 3324 Indico
346 3259 462 3332 bellum,
477 3267 625 3316 ooenantes
639 3258 715 3314 haud
729 3257 826 3317 animo
839 3277 920 3334 equo

229 3345 405 3422 Exspectans
419 3337 545 3398 comites.
587 3336 606 3394 J
608 3357 654 3395 am
667 3356 725 3395 nox
738 3337 875 3396 inducere
888 3336 972 3396 terris

228 3424 363 3494 Umbras,
376 3431 406 3478 et
419 3419 491 3476 coelo
505 3418 665 3475 diffundere
679 3417 762 3494 signa
775 3418 908 3494 parabat:
1141 3419 1175 3477 lll

228 3501 307 3558 Tum
320 3500 401 3577 pueri
414 3498 518 3571 nautis,
531 3497 629 3573 pueris
642 3497 773 3555 convicia
785 3506 881 3554 naute
903 3513 905 3518 ’

229 3579 371 3655 Ingerere.
413 3577 511 3635 “Huc
524 3576 662 3653 appelle.''
705 3575 891 3654 “Trecentos
905 3574 1021 3648 inseris3
1042 3575 1114 3636 obe!

228 3656 294 3715 Jam
308 3654 376 3714 satis
389 3655 465 3714 estt”
488 3655 566 3714 Dum
580 3674 618 3712 aea
631 3655 763 3730 exigitur,
777 3655 846 3711 dum
860 3653 937 3713 mula
949 3654 1062 3732 ligatur,

229 3735 306 3796 Tota
320 3735 379 3793 abit
392 3735 469 3792 bora.
495 3733 583 3800 ¹Mali
598 3733 706 3791 culices
719 3751 855 3809 ranaeque
868 3734 1007 3811 palustres

229 3818 372 3874 Avertunt
385 3832 515 3885 somnos3
536 3813 684 3871 absentem
697 3822 730 3870 ut
743 3823 839 3871 cantat
853 3814 974 3874 amicam
1135 3817 1172 3874 15

229 3895 324 3956 Multa
337 3885 571 4030 prolutusovpppa
584 3902 671 3950 nauta
684 3901 767 3970 atque
781 3892 868 3953 viator
