2756 4366
550 279 749 330 CARMINUM
766 278 832 324 LIB.
851 275 899 323 1v.

440 429 443 432 ’
503 426 598 483 Curru
610 423 702 480 dueet
710 420 843 478 Achaico

347 509 510 575 Victorem
531 521 623 577 neque
638 520 683 558 res
696 498 798 556 belliea
811 494 904 553 Deliis

503 583 644 640 Ornetum
659 579 731 637 soliis
745 576 859 645 ducem,

346 663 437 727 Qubd
451 681 550 739 regum
565 659 687 718 tumidas
701 653 861 715 contuderit
874 649 976 723 minus,

505 738 648 796 Ostendet
661 733 817 809 Capitolio:

351 824 410 882 Sed
423 839 486 898 quae
500 818 594 876 Tibur
608 833 687 891 aquae
702 812 791 870 fertile
804 807 965 886 praefiuunt,
1053 865 1057 871 ,

508 897 546 954 Et
560 897 656 971 spisse
671 908 818 950 nemorum
832 906 932 960 eomae,

350 979 478 1056 Fingent
491 975 586 1034 AEolio
600 972 725 1031 carmine
740 969 873 1026 nobilem.

511 1054 613 1112 Reme
626 1049 762 1127 principis
775 1047 889 1103 urbium

353 1137 495 1214 Dignatur
509 1132 620 1192 soboles
632 1131 706 1186 inter
721 1124 856 1184 amabiles

502 1211 614 1286 ¹Vatum
628 1225 734 1284 ponere
749 1224 795 1261 me
809 1203 927 1271 choros3

356 1299 395 1357 Et
405 1295 463 1372 jem
477 1292 563 1350 dente
578 1285 673 1346 minuis
686 1283 817 1342 mordeor
831 1280 936 1340 invido.

513 1371 551 1440 O,
565 1365 715 1426 testudinis
729 1379 822 1419 aureoe

354 1455 478 1515 Duleem
488 1467 553 1530 *quae
567 1445 725 1521 strepitum,
739 1440 826 1511 Pieri,
840 1449 981 1512 temperes
989 1454 997 1504 ;

507 1527 543 1584 -Ο
557 1526 643 1582 mutis
656 1540 768 1598 quoque
781 1517 908 1596 piscibus

353 1615 502 1674 Donetura
515 1605 608 1681 cycni,
623 1603 648 1660 si
661 1602 756 1671 libeat,
770 1597 888 1656 sonum!

512 1685 620 1742 Totum
634 1679 761 1738 muneris
771 1678 826 1734 hoe
840 1675 881 1732 tui
895 1683 947 1742 est,

354 1765 445 1832 Qubd
458 1760 699 1834 monstrordigito
712 1751 942 1830 pretereuntium

515 1841 656 1897 Romane
670 1834 775 1891 fidicen
789 1832 872 1906 lyrae:

355 1922 448 1990 Qubd
461 1919 537 1997 spiro
550 1928 579 1975 et
591 1917 691 1993 placeo
707 1911 746 1990 (si
758 1911 884 1988 placeo),
897 1917 978 1964 tuum
991 1912 1073 1995 est?

1025 2009 1059 2017 ...—

592 2093 882 2111 *—-————-

651 2231 736 2310 one
757 2229 812 2288 tu
859 2225 868 2254 r

622 2372 713 2417 DRUSI
727 2366 853 2408 LAUDES.

397 2482 532 2543 Qumen
545 2474 706 2532 ministrum
717 2465 844 2525 fulminis
855 2463 951 2521 alitem

400 2559 471 2636 (Cui
481 2576 531 2614 rex
544 2555 662 2626 deorum
676 2564 797 2623 regnum
811 2545 840 2601 in
855 2561 921 2602 aves
934 2558 1020 2617 rugus

436 2634 577 2705 Permisit,
592 2639 724 2707 expertus
737 2623 850 2684 fidelem

475 2714 586 2789 Jupiter
600 2712 631 2768 in
644 2705 812 2780 Ganymede
826 2701 910 2780 flavo)

398 2795 477 2851 Olim
488 2793 628 2867 juventas,
643 2797 672 2844 et
685 2785 791 2860 patrius
806 2781 894 2854 vigor,

398 2871 476 2930 Nido
489 2869 618 2926 laborum
630 2862 753 2938 propulit
764 2857 887 2916 inscium
897 2875 906 2925 ;

437 2947 594 3020 vernique,
607 2941 664 3017 jum
678 2938 783 2999 nimbis
793 2935 918 3008 remotis,

477 3024 611 3082 Insolitos
625 3017 748 3077 docuere
762 3017 842 3074 nisus

399 3104 489 3169 Venti
502 3111 667 3179 paventem
689 3115 755 3153 mox
768 3095 796 3151 in
811 3093 895 3149 ovilia

398 3183 522 3250 Demisit
534 3182 645 3237 hostem
658 3173 767 3228 vividus
781 3171 919 3242 impetus;

438 3265 528 3325 Nunc
542 3259 572 3316 in
588 3253 760 3312 reluctantes
774 3248 913 3305 dracones
988 3295 997 3301 Α,

477 3340 546 3417 Egit
559 3353 638 3394 emor
652 3330 732 3405 dapis
746 3339 829 3402 etque
842 3340 964 3400 pugnae:

397 3424 558 3488 Qualemve
571 3413 643 3473 laetis
657 3428 760 3486 caprea
769 3404 888 3484 ¹pascuis

401 3506 517 3563 Inteute
531 3496 613 3554 fulve
626 3491 724 3550 metris
738 3488 774 3544 ab
787 3485 876 3543 ubere

439 3581 456 3638 J
459 3599 505 3638 um
514 3577 589 3634 laete
604 3569 754 3647 depulsum
767 3564 890 3632 leonem,

476 3657 571 3714 Dente
585 3670 658 3709 novo
671 3647 805 3724 peritura,
820 3640 905 3697 vidit:

399 3734 508 3796 Videre
521 3731 634 3790 Rhaetis
647 3725 722 3784 bella
735 3722 788 3780 sub
801 3719 923 3795 Alpibus

401 3818 526 3875 Drusum
540 3818 686 3886 gerentem
700 3799 860 3869 Vindeliei;
881 3797 984 3873 quibus

441 3891 507 3951 Mos
520 3888 597 3946 unde
611 3885 750 3944 deductus
763 3898 813 3958 per
826 3896 910 3938 omne
