<?xml version="1.0" encoding="UTF-8"?>
<!DOCTYPE html PUBLIC "-//W3C//DTD XHTML 1.0 Transitional//EN"
    "http://www.w3.org/TR/xhtml1/DTD/xhtml1-transitional.dtd">
<html xmlns="http://www.w3.org/1999/xhtml" xml:lang="en" lang="en">
 <head>
  <title>
</title>
<meta http-equiv="Content-Type" content="text/html;charset=utf-8" />
  <meta name='ocr-system' content='tesseract 3.04.00' />
  <meta name='ocr-capabilities' content='ocr_page ocr_carea ocr_par ocr_line ocrx_word'/>
</head>
<body>
  <div class='ocr_page' id='page_1' title='image "./operaacceduntcl00horagoog_0066.png"; bbox 0 0 2756 4366; ppageno 0'>
   <div class='ocr_carea' id='block_1_1' title="bbox 527 300 878 361">
    <p class='ocr_par' dir='ltr' id='par_1_1' title="bbox 527 300 878 361">
     <span class='ocr_line' id='line_1_1' title="bbox 527 300 878 361; baseline 0 -1"><span class='ocrx_word' id='word_1_1' title='bbox 527 305 727 360; x_wconf 72' lang='lat' dir='ltr'>onesimum</span> <span class='ocrx_word' id='word_1_2' title='bbox 744 305 810 361; x_wconf 79' lang='lat' dir='ltr'>nts.</span> <span class='ocrx_word' id='word_1_3' title='bbox 828 300 878 361; x_wconf 83' lang='lat' dir='ltr'>nr.</span> 
     </span>
    </p>
   </div>
   <div class='ocr_carea' id='block_1_2' title="bbox 333 453 1031 2185">
    <p class='ocr_par' dir='ltr' id='par_1_2' title="bbox 397 453 824 531">
     <span class='ocr_line' id='line_1_2' title="bbox 397 453 824 531; baseline -0.005 -17"><span class='ocrx_word' id='word_1_4' title='bbox 397 454 560 531; x_wconf 65' lang='lat' dir='ltr'>‘Ridetque</span> <span class='ocrx_word' id='word_1_5' title='bbox 572 455 596 512; x_wconf 89' lang='lat' dir='ltr'>si</span> <span class='ocrx_word' id='word_1_6' title='bbox 610 453 735 512; x_wconf 87' lang='lat' dir='ltr'>mortalis</span> <span class='ocrx_word' id='word_1_7' title='bbox 749 456 824 512; x_wconf 89' lang='lat' dir='ltr'>ultra</span> 
     </span>
    </p>

    <p class='ocr_par' dir='ltr' id='par_1_3' title="bbox 367 533 1031 750">
     <span class='ocr_line' id='line_1_3' title="bbox 443 533 1031 609; baseline 0 -18"><span class='ocrx_word' id='word_1_8' title='bbox 443 533 502 592; x_wconf 84' lang='lat' dir='ltr'>Fas</span> <span class='ocrx_word' id='word_1_9' title='bbox 514 534 643 609; x_wconf 79' lang='lat' dir='ltr'>trepidat.</span> <span class='ocrx_word' id='word_1_10' title='bbox 677 534 767 595; x_wconf 78' lang='lat' dir='ltr'>Quod</span> <span class='ocrx_word' id='word_1_11' title='bbox 783 534 872 606; x_wconf 87' lang='lat' dir='ltr'>adest,</span> <span class='ocrx_word' id='word_1_12' title='bbox 886 541 1031 598; x_wconf 88' lang='lat' dir='ltr'>memento</span> 
     </span>
     <span class='ocr_line' id='line_1_4' title="bbox 367 610 942 698; baseline -0.007 -26"><span class='ocrx_word' id='word_1_13' title='bbox 367 613 548 689; x_wconf 82' lang='lat' dir='ltr'>Componere</span> <span class='ocrx_word' id='word_1_14' title='bbox 562 629 676 698; x_wconf 76' lang='lat' dir='ltr'>aequus:</span> <span class='ocrx_word' id='word_1_15' title='bbox 698 624 801 670; x_wconf 76' lang='lat' dir='ltr'>cetera</span> <span class='ocrx_word' id='word_1_16' title='bbox 815 610 942 668; x_wconf 90' lang='lat' dir='ltr'>fluminis</span> 
     </span>
     <span class='ocr_line' id='line_1_5' title="bbox 367 691 888 762; baseline -0.004 -12"><span class='ocrx_word' id='word_1_17' title='bbox 367 693 440 750; x_wconf 85' lang='lat' dir='ltr'>Ritu</span> <span class='ocrx_word' id='word_1_18' title='bbox 455 692 609 762; x_wconf 86' lang='lat' dir='ltr'>feruntur,</span> <span class='ocrx_word' id='word_1_19' title='bbox 608 709 687 748; x_wconf 88' lang='lat' dir='ltr'>nuno</span> <span class='ocrx_word' id='word_1_20' title='bbox 701 692 795 748; x_wconf 87' lang='lat' dir='ltr'>medio</span> <span class='ocrx_word' id='word_1_21' title='bbox 809 691 888 748; x_wconf 89' lang='lat' dir='ltr'>alveo</span> 
     </span>
    </p>

    <p class='ocr_par' dir='ltr' id='par_1_4' title="bbox 337 768 912 854">
     <span class='ocr_line' id='line_1_6' title="bbox 337 768 912 854; baseline -0.004 -25.718"><span class='ocrx_word' id='word_1_22' title='bbox 337 771 485 854; x_wconf 84' lang='lat' dir='ltr'>Cum</span> <span class='ocrx_word' id='word_1_23' title='bbox 498 787 570 845; x_wconf 88' lang='lat' dir='ltr'>paee</span> <span class='ocrx_word' id='word_1_24' title='bbox 584 768 743 826; x_wconf 78' lang='lat' dir='ltr'>delabentis</span> <span class='ocrx_word' id='word_1_25' title='bbox 757 770 912 827; x_wconf 83' lang='lat' dir='ltr'>Etruscum</span> 
     </span>
    </p>

    <p class='ocr_par' dir='ltr' id='par_1_5' title="bbox 369 847 939 1064">
     <span class='ocr_line' id='line_1_7' title="bbox 447 847 915 925; baseline 0.006 -21"><span class='ocrx_word' id='word_1_26' title='bbox 447 847 483 904; x_wconf 91' lang='lat' dir='ltr'>In</span> <span class='ocrx_word' id='word_1_27' title='bbox 497 867 583 920; x_wconf 87' lang='lat' dir='ltr'>mare,</span> <span class='ocrx_word' id='word_1_28' title='bbox 598 867 677 905; x_wconf 88' lang='lat' dir='ltr'>nuno</span> <span class='ocrx_word' id='word_1_29' title='bbox 690 849 800 925; x_wconf 83' lang='lat' dir='ltr'>lapides</span> <span class='ocrx_word' id='word_1_30' title='bbox 813 849 915 906; x_wconf 79' lang='lat' dir='ltr'>adesos</span> 
     </span>
     <span class='ocr_line' id='line_1_8' title="bbox 371 927 939 1022; baseline 0 -38"><span class='ocrx_word' id='word_1_31' title='bbox 371 927 534 1002; x_wconf 74' lang='lat' dir='ltr'>stirpesque</span> <span class='ocrx_word' id='word_1_32' title='bbox 547 937 642 1022; x_wconf 84' lang='lat' dir='ltr'>reptas</span> <span class='ocrx_word' id='word_1_33' title='bbox 655 938 683 984; x_wconf 92' lang='lat' dir='ltr'>et</span> <span class='ocrx_word' id='word_1_34' title='bbox 696 946 785 1018; x_wconf 78' lang='lat' dir='ltr'>pecus</span> <span class='ocrx_word' id='word_1_35' title='bbox 798 937 827 986; x_wconf 90' lang='lat' dir='ltr'>et</span> <span class='ocrx_word' id='word_1_36' title='bbox 840 928 939 985; x_wconf 90' lang='lat' dir='ltr'>domos</span> 
     </span>
     <span class='ocr_line' id='line_1_9' title="bbox 369 1005 902 1079; baseline 0 -16"><span class='ocrx_word' id='word_1_37' title='bbox 369 1005 519 1063; x_wconf 88' lang='lat' dir='ltr'>Volventis</span> <span class='ocrx_word' id='word_1_38' title='bbox 532 1006 600 1079; x_wconf 76' lang='lat' dir='ltr'>und,</span> <span class='ocrx_word' id='word_1_39' title='bbox 615 1025 672 1064; x_wconf 90' lang='lat' dir='ltr'>non</span> <span class='ocrx_word' id='word_1_40' title='bbox 687 1007 749 1064; x_wconf 87' lang='lat' dir='ltr'>sine</span> <span class='ocrx_word' id='word_1_41' title='bbox 762 1007 902 1064; x_wconf 91' lang='lat' dir='ltr'>montium</span> 
     </span>
    </p>

    <p class='ocr_par' dir='ltr' id='par_1_6' title="bbox 409 1084 814 1159">
     <span class='ocr_line' id='line_1_10' title="bbox 409 1084 814 1159; baseline 0.003 -18"><span class='ocrx_word' id='word_1_42' title='bbox 409 1084 581 1142; x_wconf 87' lang='lat' dir='ltr'>Clamore</span> <span class='ocrx_word' id='word_1_43' title='bbox 556 1085 713 1159; x_wconf 79' lang='lat' dir='ltr'>vreinaeque</span> <span class='ocrx_word' id='word_1_44' title='bbox 727 1085 814 1157; x_wconf 82' lang='lat' dir='ltr'>silvae,</span> 
     </span>
    </p>

    <p class='ocr_par' dir='ltr' id='par_1_7' title="bbox 369 1155 911 1398">
     <span class='ocr_line' id='line_1_11' title="bbox 450 1155 884 1240; baseline 0.009 -22"><span class='ocrx_word' id='word_1_45' title='bbox 450 1155 552 1224; x_wconf 79' lang='lat' dir='ltr'>Quum</span> <span class='ocrx_word' id='word_1_46' title='bbox 567 1163 626 1220; x_wconf 85' lang='lat' dir='ltr'>fera</span> <span class='ocrx_word' id='word_1_47' title='bbox 639 1163 760 1240; x_wconf 79' lang='lat' dir='ltr'>diluvies</span> <span class='ocrx_word' id='word_1_48' title='bbox 773 1164 884 1240; x_wconf 88' lang='lat' dir='ltr'>quietos</span> 
     </span>
     <span class='ocr_line' id='line_1_12' title="bbox 370 1231 856 1334; baseline -0.002 -33"><span class='ocrx_word' id='word_1_49' title='bbox 370 1242 467 1302; x_wconf 85' lang='lat' dir='ltr'>Irritat</span> <span class='ocrx_word' id='word_1_50' title='bbox 479 1260 586 1298; x_wconf 84' lang='lat' dir='ltr'>amnes.</span> <span class='ocrx_word' id='word_1_51' title='bbox 628 1231 682 1299; x_wconf 89' lang='lat' dir='ltr'>Ille</span> <span class='ocrx_word' id='word_1_52' title='bbox 686 1254 797 1334; x_wconf 74' lang='lat' dir='ltr'>potens</span> <span class='ocrx_word' id='word_1_53' title='bbox 811 1243 856 1301; x_wconf 90' lang='lat' dir='ltr'>sui</span> 
     </span>
     <span class='ocr_line' id='line_1_13' title="bbox 369 1320 911 1398; baseline 0 -18"><span class='ocrx_word' id='word_1_54' title='bbox 369 1321 521 1398; x_wconf 83' lang='lat' dir='ltr'>Laetusque</span> <span class='ocrx_word' id='word_1_55' title='bbox 535 1320 630 1396; x_wconf 84' lang='lat' dir='ltr'>deget,</span> <span class='ocrx_word' id='word_1_56' title='bbox 645 1341 693 1378; x_wconf 86' lang='lat' dir='ltr'>eur</span> <span class='ocrx_word' id='word_1_57' title='bbox 686 1321 797 1379; x_wconf 83' lang='lat' dir='ltr'>&#39;lieet</span> <span class='ocrx_word' id='word_1_58' title='bbox 789 1341 819 1380; x_wconf 92' lang='grc' dir='ltr'>ιιι</span> <span class='ocrx_word' id='word_1_59' title='bbox 833 1321 911 1380; x_wconf 86' lang='lat' dir='ltr'>diem</span> 
     </span>
    </p>

    <p class='ocr_par' dir='ltr' id='par_1_8' title="bbox 408 1399 903 1472">
     <span class='ocr_line' id='line_1_14' title="bbox 408 1399 903 1472; baseline -0.002 -13"><span class='ocrx_word' id='word_1_60' title='bbox 408 1400 554 1472; x_wconf 88' lang='lat' dir='ltr'>Dixisse,‘</span> <span class='ocrx_word' id='word_1_61' title='bbox 558 1400 668 1458; x_wconf 87' lang='lat' dir='ltr'>‘Vixi&#39;’</span> <span class='ocrx_word' id='word_1_62' title='bbox 681 1419 772 1460; x_wconf 87' lang='lat' dir='ltr'>:eras</span> <span class='ocrx_word' id='word_1_63' title='bbox 786 1399 903 1460; x_wconf 67' lang='lat' dir='ltr'>velatrb</span> 
     </span>
    </p>

    <p class='ocr_par' dir='ltr' id='par_1_9' title="bbox 333 1478 964 1714">
     <span class='ocr_line' id='line_1_15' title="bbox 448 1478 909 1556; baseline 0.004 -20"><span class='ocrx_word' id='word_1_64' title='bbox 448 1478 537 1537; x_wconf 86' lang='lat' dir='ltr'>Nube</span> <span class='ocrx_word' id='word_1_65' title='bbox 549 1478 647 1554; x_wconf 91' lang='lat' dir='ltr'>polum</span> <span class='ocrx_word' id='word_1_66' title='bbox 661 1479 744 1538; x_wconf 88' lang='lat' dir='ltr'>Pater</span> <span class='ocrx_word' id='word_1_67' title='bbox 758 1490 909 1556; x_wconf 85' lang='lat' dir='ltr'>ooeupato,</span> 
     </span>
     <span class='ocr_line' id='line_1_16' title="bbox 373 1559 916 1634; baseline -0.002 -17"><span class='ocrx_word' id='word_1_68' title='bbox 373 1559 424 1617; x_wconf 86' lang='lat' dir='ltr'>Vel</span> <span class='ocrx_word' id='word_1_69' title='bbox 438 1559 497 1616; x_wconf 86' lang='lat' dir='ltr'>sole</span> <span class='ocrx_word' id='word_1_70' title='bbox 510 1577 601 1634; x_wconf 86' lang='lat' dir='ltr'>puro.</span> <span class='ocrx_word' id='word_1_71' title='bbox 623 1577 681 1616; x_wconf 91' lang='lat' dir='ltr'>non</span> <span class='ocrx_word' id='word_1_72' title='bbox 695 1570 791 1616; x_wconf 88' lang='lat' dir='ltr'>tamen</span> <span class='ocrx_word' id='word_1_73' title='bbox 806 1559 916 1616; x_wconf 89' lang='lat' dir='ltr'>irritum</span> 
     </span>
     <span class='ocr_line' id='line_1_17' title="bbox 333 1637 964 1714; baseline 0 -20"><span class='ocrx_word' id='word_1_74' title='bbox 333 1649 339 1660; x_wconf 92' lang='grc'><strong><em>·</em></strong></span> <span class='ocrx_word' id='word_1_75' title='bbox 367 1638 571 1714; x_wconf 77' lang='lat' dir='ltr'>Quodcunque</span> <span class='ocrx_word' id='word_1_76' title='bbox 586 1650 659 1695; x_wconf 87' lang='lat' dir='ltr'>retro</span> <span class='ocrx_word' id='word_1_77' title='bbox 672 1649 716 1694; x_wconf 87' lang='lat' dir='ltr'>est</span> <span class='ocrx_word' id='word_1_78' title='bbox 728 1637 849 1708; x_wconf 81' lang='lat' dir='ltr'>efficiet3</span> <span class='ocrx_word' id='word_1_79' title='bbox 870 1655 964 1713; x_wconf 89' lang='lat' dir='ltr'>neque</span> 
     </span>
    </p>

    <p class='ocr_par' dir='ltr' id='par_1_10' title="bbox 409 1697 868 1791">
     <span class='ocr_line' id='line_1_18' title="bbox 409 1697 868 1791; baseline -0.002 -18"><span class='ocrx_word' id='word_1_80' title='bbox 409 1716 547 1790; x_wconf 84' lang='lat' dir='ltr'>Diffinget</span> <span class='ocrx_word' id='word_1_81' title='bbox 561 1697 753 1791; x_wconf 74' lang='lat' dir='ltr'>infectumque</span> <span class='ocrx_word' id='word_1_82' title='bbox 767 1715 868 1772; x_wconf 86' lang='lat' dir='ltr'>reddet</span> 
     </span>
    </p>

    <p class='ocr_par' dir='ltr' id='par_1_11' title="bbox 371 1792 946 2026">
     <span class='ocr_line' id='line_1_19' title="bbox 448 1792 946 1868; baseline 0.006 -20"><span class='ocrx_word' id='word_1_83' title='bbox 448 1792 538 1854; x_wconf 79' lang='lat' dir='ltr'>Quod</span> <span class='ocrx_word' id='word_1_84' title='bbox 553 1792 665 1868; x_wconf 82' lang='lat' dir='ltr'>fugiens</span> <span class='ocrx_word' id='word_1_85' title='bbox 679 1793 766 1849; x_wconf 86' lang='lat' dir='ltr'>semel</span> <span class='ocrx_word' id='word_1_86' title='bbox 780 1793 850 1849; x_wconf 88' lang='lat' dir='ltr'>hora</span> <span class='ocrx_word' id='word_1_87' title='bbox 863 1793 946 1851; x_wconf 83' lang='lat' dir='ltr'>vexit.</span> 
     </span>
     <span class='ocr_line' id='line_1_20' title="bbox 372 1865 855 1947; baseline -0.004 -17"><span class='ocrx_word' id='word_1_88' title='bbox 372 1865 508 1943; x_wconf 81' lang='lat' dir='ltr'>Fortuna,</span> <span class='ocrx_word' id='word_1_89' title='bbox 523 1889 597 1928; x_wconf 82' lang='lat' dir='ltr'>saevo</span> <span class='ocrx_word' id='word_1_90' title='bbox 610 1871 675 1928; x_wconf 82' lang='lat' dir='ltr'>laeta</span> <span class='ocrx_word' id='word_1_91' title='bbox 689 1872 811 1947; x_wconf 88' lang='lat' dir='ltr'>negotio,</span> <span class='ocrx_word' id='word_1_92' title='bbox 826 1881 855 1928; x_wconf 88' lang='lat' dir='ltr'>et</span> 
     </span>
     <span class='ocr_line' id='line_1_21' title="bbox 371 1948 936 2026; baseline -0.004 -16"><span class='ocrx_word' id='word_1_93' title='bbox 371 1951 485 2010; x_wconf 92' lang='lat' dir='ltr'>Ludum</span> <span class='ocrx_word' id='word_1_94' title='bbox 501 1948 669 2008; x_wconf 75' lang='lat' dir='ltr'>insolentem</span> <span class='ocrx_word' id='word_1_95' title='bbox 684 1950 782 2008; x_wconf 91' lang='lat' dir='ltr'>ludere</span> <span class='ocrx_word' id='word_1_96' title='bbox 797 1951 936 2026; x_wconf 83' lang='lat' dir='ltr'>pertinax,</span> 
     </span>
    </p>

    <p class='ocr_par' dir='ltr' id='par_1_12' title="bbox 412 2028 885 2102">
     <span class='ocr_line' id='line_1_22' title="bbox 412 2028 885 2102; baseline 0 -15"><span class='ocrx_word' id='word_1_97' title='bbox 412 2028 622 2087; x_wconf 89' lang='lat' dir='ltr'>Transmutat&#39;</span> <span class='ocrx_word' id='word_1_98' title='bbox 615 2041 740 2087; x_wconf 87' lang='lat' dir='ltr'>meertos</span> <span class='ocrx_word' id='word_1_99' title='bbox 754 2029 885 2102; x_wconf 86' lang='lat' dir='ltr'>honores,</span> 
     </span>
    </p>

    <p class='ocr_par' dir='ltr' id='par_1_13' title="bbox 450 2107 935 2185">
     <span class='ocr_line' id='line_1_23' title="bbox 450 2107 935 2185; baseline 0.002 -20"><span class='ocrx_word' id='word_1_100' title='bbox 450 2107 539 2165; x_wconf 83' lang='lat' dir='ltr'>Nune</span> <span class='ocrx_word' id='word_1_101' title='bbox 553 2108 632 2178; x_wconf 90' lang='lat' dir='ltr'>mihi,</span> <span class='ocrx_word' id='word_1_102' title='bbox 647 2126 725 2166; x_wconf 88' lang='lat' dir='ltr'>nune</span> <span class='ocrx_word' id='word_1_103' title='bbox 740 2109 788 2166; x_wconf 87' lang='lat' dir='ltr'>alii</span> <span class='ocrx_word' id='word_1_104' title='bbox 803 2109 935 2185; x_wconf 86' lang='lat' dir='ltr'>benigna.</span> 
     </span>
    </p>
   </div>
   <div class='ocr_carea' id='block_1_3' title="bbox 270 2188 936 2264">
    <p class='ocr_par' dir='ltr' id='par_1_14' title="bbox 270 2188 936 2264">
     <span class='ocr_line' id='line_1_24' title="bbox 270 2188 936 2264; baseline 0 -18"><span class='ocrx_word' id='word_1_105' title='bbox 270 2221 273 2224; x_wconf 96' lang='lat'>·</span> <span class='ocrx_word' id='word_1_106' title='bbox 370 2189 470 2246; x_wconf 85' lang='lat' dir='ltr'>Laudo</span> <span class='ocrx_word' id='word_1_107' title='bbox 484 2197 664 2245; x_wconf 84' lang='lat' dir='ltr'>manentem:</span> <span class='ocrx_word' id='word_1_108' title='bbox 686 2188 710 2244; x_wconf 88' lang='lat' dir='ltr'>si</span> <span class='ocrx_word' id='word_1_109' title='bbox 725 2188 833 2246; x_wconf 77' lang='lat' dir='ltr'>celeres</span> <span class='ocrx_word' id='word_1_110' title='bbox 846 2188 936 2264; x_wconf 89' lang='lat' dir='ltr'>quatit</span> 
     </span>
    </p>
   </div>
   <div class='ocr_carea' id='block_1_4' title="bbox 355 2265 939 3128">
    <p class='ocr_par' dir='ltr' id='par_1_15' title="bbox 355 2265 939 3128">
     <span class='ocr_line' id='line_1_25' title="bbox 370 2265 925 2342; baseline 0.002 -18"><span class='ocrx_word' id='word_1_111' title='bbox 370 2267 493 2337; x_wconf 78' lang='lat' dir='ltr'>PennaS,</span> <span class='ocrx_word' id='word_1_112' title='bbox 508 2265 623 2342; x_wconf 88' lang='lat' dir='ltr'>resigno</span> <span class='ocrx_word' id='word_1_113' title='bbox 636 2285 699 2342; x_wconf 82' lang='lat' dir='ltr'>quoe</span> <span class='ocrx_word' id='word_1_114' title='bbox 714 2268 804 2342; x_wconf 85' lang='lat' dir='ltr'>dedit,</span> <span class='ocrx_word' id='word_1_115' title='bbox 816 2277 845 2325; x_wconf 89' lang='lat' dir='ltr'>et</span> <span class='ocrx_word' id='word_1_116' title='bbox 860 2268 925 2326; x_wconf 76' lang='lat' dir='ltr'>mezi</span> 
     </span>
     <span class='ocr_line' id='line_1_26' title="bbox 409 2345 905 2422; baseline 0.002 -19"><span class='ocrx_word' id='word_1_117' title='bbox 409 2346 522 2403; x_wconf 85' lang='lat' dir='ltr'>Virtute</span> <span class='ocrx_word' id='word_1_118' title='bbox 536 2363 583 2421; x_wconf 82' lang='lat' dir='ltr'>me</span> <span class='ocrx_word' id='word_1_119' title='bbox 597 2345 717 2417; x_wconf 86' lang='lat' dir='ltr'>involvo,</span> <span class='ocrx_word' id='word_1_120' title='bbox 731 2347 905 2422; x_wconf 88' lang='lat' dir='ltr'>probamque</span> 
     </span>
     <span class='ocr_line' id='line_1_27' title="bbox 449 2422 891 2500; baseline 0.007 -21"><span class='ocrx_word' id='word_1_121' title='bbox 449 2424 618 2499; x_wconf 88' lang='lat' dir='ltr'>Pauperiem</span> <span class='ocrx_word' id='word_1_122' title='bbox 633 2422 695 2481; x_wconf 87' lang='lat' dir='ltr'>sine</span> <span class='ocrx_word' id='word_1_123' title='bbox 708 2425 774 2482; x_wconf 90' lang='lat' dir='ltr'>dote</span> <span class='ocrx_word' id='word_1_124' title='bbox 788 2443 891 2500; x_wconf 83' lang='lat' dir='ltr'>quaero.</span> 
     </span>
     <span class='ocr_line' id='line_1_28' title="bbox 355 2503 898 2580; baseline -0.002 -19"><span class='ocrx_word' id='word_1_125' title='bbox 355 2503 438 2561; x_wconf 82' lang='lat' dir='ltr'>&#39;Non</span> <span class='ocrx_word' id='word_1_126' title='bbox 452 2513 496 2560; x_wconf 86' lang='lat' dir='ltr'>est</span> <span class='ocrx_word' id='word_1_127' title='bbox 509 2521 615 2574; x_wconf 87' lang='lat' dir='ltr'>meum,</span> <span class='ocrx_word' id='word_1_128' title='bbox 631 2503 654 2560; x_wconf 89' lang='lat' dir='ltr'>si</span> <span class='ocrx_word' id='word_1_129' title='bbox 669 2504 777 2580; x_wconf 87' lang='lat' dir='ltr'>mugiat</span> <span class='ocrx_word' id='word_1_130' title='bbox 791 2503 898 2560; x_wconf 80' lang='lat' dir='ltr'>Africis</span> 
     </span>
     <span class='ocr_line' id='line_1_29' title="bbox 371 2581 915 2660; baseline 0.002 -21"><span class='ocrx_word' id='word_1_131' title='bbox 371 2581 466 2640; x_wconf 85' lang='lat' dir='ltr'>Malus</span> <span class='ocrx_word' id='word_1_132' title='bbox 479 2582 620 2658; x_wconf 76' lang='lat' dir='ltr'>proeelliS,</span> <span class='ocrx_word' id='word_1_133' title='bbox 635 2583 670 2638; x_wconf 89' lang='lat' dir='ltr'>ad</span> <span class='ocrx_word' id='word_1_134' title='bbox 685 2584 801 2642; x_wconf 86' lang='lat' dir='ltr'>miseras</span> <span class='ocrx_word' id='word_1_135' title='bbox 814 2601 915 2660; x_wconf 82' lang='lat' dir='ltr'>preces</span> 
     </span>
     <span class='ocr_line' id='line_1_30' title="bbox 409 2661 826 2739; baseline 0 -19"><span class='ocrx_word' id='word_1_136' title='bbox 409 2661 579 2733; x_wconf 84' lang='lat' dir='ltr'>Decurrere,</span> <span class='ocrx_word' id='word_1_137' title='bbox 594 2672 624 2719; x_wconf 91' lang='lat' dir='ltr'>et</span> <span class='ocrx_word' id='word_1_138' title='bbox 636 2661 707 2719; x_wconf 90' lang='lat' dir='ltr'>votis</span> <span class='ocrx_word' id='word_1_139' title='bbox 720 2663 826 2739; x_wconf 83' lang='lat' dir='ltr'>paeisoi</span> 
     </span>
     <span class='ocr_line' id='line_1_31' title="bbox 449 2739 915 2816; baseline -0.004 -18"><span class='ocrx_word' id='word_1_140' title='bbox 449 2739 495 2798; x_wconf 92' lang='lat' dir='ltr'>Ne</span> <span class='ocrx_word' id='word_1_141' title='bbox 510 2739 623 2816; x_wconf 82' lang='lat' dir='ltr'>Cypriae</span> <span class='ocrx_word' id='word_1_142' title='bbox 637 2739 790 2815; x_wconf 86' lang='lat' dir='ltr'>Tyriaeque</span> <span class='ocrx_word' id='word_1_143' title='bbox 805 2758 915 2796; x_wconf 87' lang='lat' dir='ltr'>meroes</span> 
     </span>
     <span class='ocr_line' id='line_1_32' title="bbox 371 2817 805 2875; baseline -0.002 0"><span class='ocrx_word' id='word_1_144' title='bbox 371 2817 490 2875; x_wconf 79' lang='lat' dir='ltr'>Addam</span> <span class='ocrx_word' id='word_1_145' title='bbox 504 2836 586 2874; x_wconf 82' lang='lat' dir='ltr'>avaro</span> <span class='ocrx_word' id='word_1_146' title='bbox 600 2818 712 2874; x_wconf 83' lang='lat' dir='ltr'>divitias</span> <span class='ocrx_word' id='word_1_147' title='bbox 726 2818 805 2874; x_wconf 85' lang='lat' dir='ltr'>mari.</span> 
     </span>
     <span class='ocr_line' id='line_1_33' title="bbox 371 2894 932 2972; baseline 0 -20"><span class='ocrx_word' id='word_1_148' title='bbox 371 2894 449 2952; x_wconf 86' lang='lat' dir='ltr'>Tum</span> <span class='ocrx_word' id='word_1_149' title='bbox 463 2914 520 2965; x_wconf 89' lang='lat' dir='ltr'>me,</span> <span class='ocrx_word' id='word_1_150' title='bbox 534 2895 650 2968; x_wconf 79' lang='lat' dir='ltr'>biremis</span> <span class='ocrx_word' id='word_1_151' title='bbox 663 2896 795 2970; x_wconf 73' lang='lat' dir='ltr'>presidio</span> <span class='ocrx_word' id='word_1_152' title='bbox 809 2895 932 2972; x_wconf 81' lang='lat' dir='ltr'>soaphae,</span> 
     </span>
     <span class='ocr_line' id='line_1_34' title="bbox 411 2972 864 3048; baseline 0.002 -17"><span class='ocrx_word' id='word_1_153' title='bbox 411 2973 520 3031; x_wconf 89' lang='lat' dir='ltr'>Tutum</span> <span class='ocrx_word' id='word_1_154' title='bbox 534 2991 584 3048; x_wconf 90' lang='lat' dir='ltr'>per</span> <span class='ocrx_word' id='word_1_155' title='bbox 599 2972 713 3048; x_wconf 85' lang='lat' dir='ltr'>AEgaeos</span> <span class='ocrx_word' id='word_1_156' title='bbox 727 2976 864 3034; x_wconf 88' lang='lat' dir='ltr'>tumultus</span> 
     </span>
     <span class='ocr_line' id='line_1_35' title="bbox 450 3051 939 3128; baseline 0.006 -20"><span class='ocrx_word' id='word_1_157' title='bbox 450 3051 531 3108; x_wconf 90' lang='lat' dir='ltr'>Aura</span> <span class='ocrx_word' id='word_1_158' title='bbox 544 3051 616 3108; x_wconf 86' lang='lat' dir='ltr'>feret</span> <span class='ocrx_word' id='word_1_159' title='bbox 629 3054 815 3128; x_wconf 87' lang='lat' dir='ltr'>geminusque</span> <span class='ocrx_word' id='word_1_160' title='bbox 829 3053 939 3111; x_wconf 86' lang='lat' dir='ltr'>Pollux.</span> 
     </span>
    </p>
   </div>
   <div class='ocr_carea' id='block_1_5' title="bbox 598 3383 820 3447">
    <p class='ocr_par' dir='ltr' id='par_1_16' title="bbox 598 3383 820 3447">
     <span class='ocr_line' id='line_1_36' title="bbox 598 3383 820 3447; baseline 0.018 -5"><span class='ocrx_word' id='word_1_161' title='bbox 598 3383 683 3443; x_wconf 88' lang='lat' dir='ltr'>ODE</span> <span class='ocrx_word' id='word_1_162' title='bbox 703 3384 820 3447; x_wconf 89' lang='lat' dir='ltr'>XXIV.</span> 
     </span>
    </p>
   </div>
   <div class='ocr_carea' id='block_1_6' title="bbox 371 3504 1079 3914">
    <p class='ocr_par' dir='ltr' id='par_1_17' title="bbox 371 3504 949 3663">
     <span class='ocr_line' id='line_1_37' title="bbox 371 3504 949 3582; baseline -0.007 -16"><span class='ocrx_word' id='word_1_163' title='bbox 371 3507 470 3566; x_wconf 84' lang='lat' dir='ltr'>Exser</span> <span class='ocrx_word' id='word_1_164' title='bbox 484 3517 700 3567; x_wconf 88' lang='lat' dir='ltr'>monumentum</span> <span class='ocrx_word' id='word_1_165' title='bbox 716 3525 771 3564; x_wconf 83' lang='lat' dir='ltr'>aere</span> <span class='ocrx_word' id='word_1_166' title='bbox 784 3504 949 3582; x_wconf 86' lang='lat' dir='ltr'>perennius,</span> 
     </span>
     <span class='ocr_line' id='line_1_38' title="bbox 371 3585 904 3663; baseline -0.01 -18"><span class='ocrx_word' id='word_1_167' title='bbox 371 3587 531 3663; x_wconf 83' lang='lat' dir='ltr'>Regalique</span> <span class='ocrx_word' id='word_1_168' title='bbox 546 3587 602 3643; x_wconf 91' lang='lat' dir='ltr'>situ</span> <span class='ocrx_word' id='word_1_169' title='bbox 615 3585 792 3661; x_wconf 81' lang='lat' dir='ltr'>pyramidum</span> <span class='ocrx_word' id='word_1_170' title='bbox 808 3585 904 3655; x_wconf 84' lang='lat' dir='ltr'>altius3</span> 
     </span>
    </p>

    <p class='ocr_par' dir='ltr' id='par_1_18' title="bbox 372 3629 1079 3802">
     <span class='ocr_line' id='line_1_39' title="bbox 372 3629 1079 3743; baseline 0 -17"><span class='ocrx_word' id='word_1_171' title='bbox 372 3665 461 3726; x_wconf 78' lang='lat' dir='ltr'>Quod</span> <span class='ocrx_word' id='word_1_172' title='bbox 475 3684 532 3721; x_wconf 92' lang='lat' dir='ltr'>non</span> <span class='ocrx_word' id='word_1_173' title='bbox 547 3664 637 3721; x_wconf 87' lang='lat' dir='ltr'>imber</span> <span class='ocrx_word' id='word_1_174' title='bbox 651 3664 734 3733; x_wconf 84' lang='lat' dir='ltr'>edax,</span> <span class='ocrx_word' id='word_1_175' title='bbox 748 3681 806 3720; x_wconf 92' lang='lat' dir='ltr'>non</span> <span class='ocrx_word' id='word_1_176' title='bbox 822 3629 947 3738; x_wconf 86' lang='lat' dir='ltr'>Aquilo&#39;</span> <span class='ocrx_word' id='word_1_177' title='bbox 940 3675 1079 3743; x_wconf 81' lang='lat' dir='ltr'>impotens</span> 
     </span>
     <span class='ocr_line' id='line_1_40' title="bbox 372 3708 891 3814; baseline -0.004 -12"><span class='ocrx_word' id='word_1_178' title='bbox 372 3742 466 3802; x_wconf 87' lang='lat' dir='ltr'>Possit</span> <span class='ocrx_word' id='word_1_179' title='bbox 478 3743 600 3814; x_wconf 86' lang='lat' dir='ltr'>diruere,</span> <span class='ocrx_word' id='word_1_180' title='bbox 615 3753 663 3798; x_wconf 88' lang='lat' dir='ltr'>aut</span> <span class='ocrx_word' id='word_1_181' title='bbox 677 3708 891 3800; x_wconf 75' lang='lat' dir='ltr'>innbmerabilis</span> 
     </span>
    </p>

    <p class='ocr_par' dir='ltr' id='par_1_19' title="bbox 373 3819 939 3914">
     <span class='ocr_line' id='line_1_41' title="bbox 373 3819 939 3914; baseline 0.004 -35"><span class='ocrx_word' id='word_1_182' title='bbox 373 3822 524 3879; x_wconf 82' lang='lat' dir='ltr'>Annorum</span> <span class='ocrx_word' id='word_1_183' title='bbox 539 3821 636 3891; x_wconf 85' lang='lat' dir='ltr'>series,</span> <span class='ocrx_word' id='word_1_184' title='bbox 650 3829 679 3914; x_wconf 80' lang='lat' dir='ltr'>et</span> <span class='ocrx_word' id='word_1_185' title='bbox 693 3819 760 3894; x_wconf 82' lang='lat' dir='ltr'>fuga</span> <span class='ocrx_word' id='word_1_186' title='bbox 773 3830 939 3898; x_wconf 83' lang='lat' dir='ltr'>temporum</span> 
     </span>
    </p>
   </div>
   <div class='ocr_carea' id='block_1_7' title="bbox 0 0 1382 4366">
    <p class='ocr_par' dir='ltr' id='par_1_20' title="bbox 0 0 1382 4366">
     <span class='ocr_line' id='line_1_42' title="bbox 0 0 1382 4366; baseline 0 0"><span class='ocrx_word' id='word_1_187' title='bbox 0 0 1382 4366; x_wconf 95' lang='lat' dir='ltr'> </span> 
     </span>
    </p>
   </div>
  </div>
 </body>
</html>
