2756 4366
572 293 894 348 communiret.
1072 335 1075 342 .
1203 305 1223 362 5

276 431 386 496 Pallida
398 434 479 496 Mors
491 455 572 513 equo
584 439 678 514 pulset
689 442 764 516 pede
777 459 933 518 pauperum
947 441 1091 516 tabernas,

356 515 527 593 Regumque
541 526 639 574 turres.
681 517 710 574 Ο
722 519 803 575 beate
818 519 907 592 Sexti,

277 593 353 652 vite
367 614 477 653 summa
491 596 583 652 brevis
594 615 673 672 spem
686 615 739 655 nos
753 608 828 656 vetet
841 599 977 658 inchoare
990 600 1124 676 longum:
1187 601 1224 658 15

356 673 421 731 Jarn
436 684 464 731 te
477 686 587 752 premet
600 695 666 748 nox,
681 677 838 751 soboleque
853 676 965 751 Mones,

9 771 31 808 r·
86 774 90 783 ’
150 762 162 826 Ἰ
207 761 226 775 ”
277 749 316 809 Et
329 753 429 810 domus
443 753 524 811 exilis
538 753 765 830 Plutoniu;,qud
779 756 864 812 simul
878 758 992 831 metiris,

8 862 10 895 ,
355 829 423 890 Non
437 851 526 908 regns
539 833 597 891 vini
611 833 729 892 sortiere
743 829 818 910 tulis,

665 1147 751 1205 ODE
764 1149 800 1206 V.

501 1285 541 1324 nn
562 1285 594 1322 ru.
615 1283 780 1324 vrrsnnrruu
801 1285 962 1325 ronrrrru.

355 1366 517 1448 Sdnrnir'rrrs
531 1381 619 1441 Vario
633 1384 721 1456 sortis,
736 1374 764 1442 et
775 1367 897 1443 hostiurn

354 1466 464 1539 Victor,
479 1463 596 1521 Meonii
610 1463 745 1520 carminis
759 1463 828 1536 aliti,

353 1545 452 1607 Quem
465 1562 525 1600 rem
540 1561 653 1618 ounque
667 1542 748 1601 ferox
762 1543 881 1600 navibus
894 1555 945 1602 uut
957 1546 1037 1620 equis

512 1620 599 1679 Miles
611 1632 640 1679 te
654 1623 729 1679 duee
742 1622 869 1698 gesserit.

353 1700 425 1772 Nos,
440 1701 578 1776 Agrippa,
590 1721 683 1776 neque
696 1702 759 1758 haeo
772 1702 878 1774 dioere,
891 1721 948 1759 nee
960 1720 1075 1778 gravem
1202 1703 1225 1761 5

354 1779 461 1835 Pelidoe
475 1781 651 1834 stomachum
665 1781 768 1833 oedere
781 1781 881 1848 nesoii,

353 1855 421 1914 Neo
434 1874 535 1930 oureus
548 1854 669 1929 duplicis
682 1874 733 1929 per
747 1873 824 1911 mure
839 1855 961 1930 Ulyssei',

372 2003 374 2008 Ι
511 1931 576 1990 Neo
590 1951 693 1989 sevam
707 1933 820 2008 Pelopis
834 1935 959 2008 domurn,

353 2015 509 2083 conamur,
523 2023 625 2071 tenues
638 2013 773 2087 grandia:
796 2013 864 2069 dum
877 2015 977 2088 pudor,

353 2093 536 2176 Imhellisque
550 2091 617 2165 lyrae
632 2089 718 2148 Musa
731 2102 832 2165 potens
846 2102 921 2150 vetet
1186 2095 1225 2156 lo

351 2171 465 2230 Laudes
479 2169 585 2246 egregii
600 2169 731 2240 Caesaris,
746 2180 860 2243 ottone,
874 2223 876 2228 .

509 2248 602 2324 Gulptl
615 2250 745 2306 deterere
758 2248 865 2326 ingeni.

350 2326 427 2393 Quis
441 2328 564 2387 Martem
578 2330 676 2386 tuniod
690 2340 798 2386 tectum
813 2331 997 2390 adamantino

351 2407 449 2486 Digne
464 2407 626 2486 scripserit?
647 2418 697 2464 eut
709 2409 823 2482 pulvere
839 2406 929 2466 Troio

351 2487 476 2567 Nigrum
489 2486 662 2544 Meriononl
683 2497 731 2543 aut
745 2505 798 2561 ope
812 2487 935 2544 Palladis

510 2564 644 2642 Tydiden
658 2565 767 2642 superis
780 2566 898 2642 pareml

647 2880 731 2938 ODE
745 2879 797 2938 VI.

412 3019 452 3060 AD
473 3018 637 3060 MUNATIUM
657 3019 809 3072 Pheneum,
830 3019 1038 3060 consumunt.

310 3122 499 3179 Lnuunnurrn
514 3118 562 3174 alii
576 3118 680 3173 olorem
695 3119 832 3189 Rhodon,
847 3129 896 3194 eut
910 3118 1079 3191 Mitylenen,

429 3198 491 3253 Aut
504 3195 660 3270 Ephesum,
675 3195 823 3250 bimarisve
837 3194 969 3251 Corinthi

309 3278 428 3350 Moeniu,
443 3275 487 3333 vel
502 3272 619 3332 Baooho
632 3269 759 3343 Thebas,
775 3271 818 3329 vel
833 3272 967 3348 Apolline
981 3271 1115 3350 Delphos.

427 3355 571 3432 Insigues,
586 3362 634 3410 aut
648 3351 790 3409 Thessala
804 3349 925 3428 Tempe.

310 3439 384 3496 Sunt
396 3437 497 3512 quibus
511 3451 600 3491 unum
614 3452 684 3508 opus
698 3443 743 3490 est
756 3433 871 3490 intootae
885 3431 1008 3490 Palladis
1023 3452 1101 3490 uroes
1195 3432 1217 3492 6

427 3514 562 3574 Carmine
576 3524 710 3588 perpetuo
724 3512 879 3583 celebrare,
893 3522 924 3569 et

308 3595 441 3671 Undique
455 3594 618 3669 decerptum
632 3591 716 3649 fronti
730 3609 893 3666 preponere
906 3591 1015 3649 olivum.

430 3673 582 3742 Plurimus,
597 3671 627 3728 in
641 3670 659 3727 J
662 3669 766 3727 uuonis
779 3671 923 3742 honorem,

309 3753 418 3832 Aptum
431 3752 501 3810 dioit
514 3751 594 3828 equis
608 3750 711 3824 Argos,
722 3747 848 3824 ditesque
862 3748 1008 3825 Mycenas

427 3826 952 3942 Mepeotumpatiensheoedaemon,
1177 3827 1216 3888 10
