2756 4366
535 369 738 421 CARMINUM
755 371 821 420 LIB.
839 371 874 422 11.

468 683 472 692 ,
537 557 540 562 ’
621 590 707 692 ona
727 590 784 652 111.

568 728 645 780 ,an
659 729 803 769 naamani,
884 759 887 764 .
981 701 994 728 ”’

368 825 493 891 Quam
506 838 652 886 memento
664 828 750 886 rebus
762 829 793 886 in
806 829 902 888 arduis
922 855 930 861 ·

367 909 487 966 Servare
500 917 636 980 mentem,
650 925 709 965 non
722 904 808 966 aeolis
820 909 851 966 in
864 907 948 970 bonis

407 986 456 1043 Ab
468 984 602 1064 insolenti
614 997 799 1062 temperatam

446 1062 570 1136 Laetitia,
584 1064 719 1121 moriture
732 1065 818 1137 Delli,

367 1144 427 1202 Seu
441 1147 560 1200 moestus
572 1143 651 1200 omni
665 1153 791 1218 tempore
804 1142 916 1214 vixeris,

366 1223 426 1280 Seu
439 1231 468 1280 te
481 1221 512 1300 in
525 1231 633 1278 remoto
645 1221 775 1296 gramine
789 1240 839 1296 per
853 1220 914 1277 dies

405 1299 507 1358 Festos
519 1299 689 1357 reclinatum
702 1297 797 1356 bearis

445 1377 584 1437 Interiore
598 1378 667 1436 noui
680 1376 807 1450 Falerni,

365 1458 436 1521 Qua
449 1457 534 1534 pinus
548 1457 652 1534 ingens
665 1457 783 1532 albaque
796 1457 917 1532 populus

364 1535 502 1595 Umbram
516 1537 683 1613 hospitalem
697 1535 865 1596 consociare,
875 1546 972 1593 amant
1029 1569 1031 1573 ,

405 1615 518 1688 Ramis,
531 1616 588 1690 qui
602 1626 631 1674 et
644 1615 757 1691 obliquo
770 1615 879 1672 laborat

455 1693 587 1770 Lympha
599 1695 687 1771 fugax
699 1695 840 1770 trepidare
853 1693 921 1751 rivo.

368 1771 439 1830 Huo
451 1773 528 1842 vina,
541 1783 571 1827 et
583 1784 741 1846 unguenta,
754 1784 784 1828 et
796 1768 919 1828 nimium
931 1768 1025 1826 brevis

369 1849 470 1908 Floras
483 1864 610 1906 amoenos
623 1849 697 1905 serre
708 1849 777 1924 jube
790 1865 871 1919 rosae,

409 1927 487 1988 Dum
501 1946 556 1998 res,
570 1937 599 1984 et
613 1937 690 2000 aetas,
704 1937 734 1985 et
747 1927 883 1985 Sororum

423 2019 425 2029 ‘
447 2005 512 2064 Fila
525 2007 611 2064 trium
625 2007 771 2082 patiuntur
785 2017 852 2063 atra.
872 2030 874 2038 ¹

366 2086 463 2144 (ledes
476 2086 616 2161 coemptis
622 2083 801 2157 'saltibus‚'et
814 2085 907 2157 domo,

366 2165 498 2240 Villrique
512 2162 600 2221 flavus
612 2183 698 2239 quam
712 2163 828 2221 Tiberis
841 2163 926 2221 lavit:

405 2243 518 2312 ce‹1es;
539 2254 568 2300 et
581 2243 732 2302 exstructis
745 2243 776 2300 in
789 2243 877 2300 altum

444 2322 559 2380 Divitiis
571 2323 695 2398 potietur
708 2322 806 2380 heres.

366 2399 501 2473 Divesne,
514 2401 610 2476 priseo
623 2413 708 2459 natus
721 2401 758 2457 ab
771 2399 891 2471 Inacho,

367 2479 417 2537 Nil
431 2480 558 2551 interest,
573 2497 609 2535 an
623 2497 741 2561 pauper,
755 2489 785 2535 et
797 2477 896 2534 infiniti

405 2557 451 2616 De
464 2562 560 2634 gente,
575 2557 628 2614 sub
642 2558 706 2616 divo
719 2557 847 2630 moreris,

417 2671 420 2677 -
446 2637 573 2694 Victima
585 2637 625 2694 nil
640 2637 801 2695 miserantis
814 2635 894 2694 Oroi.

366 2715 477 2774 Omnes
491 2711 594 2773 ebdem
607 2717 753 2793 cogimur:
774 2715 904 2774 omnium

366 2794 503 2852 Versatur
516 2813 604 2864 urna3
626 2793 717 2853 seritis
730 2792 812 2853 ouiirs

407 2869 475 2929 Sors
488 2872 608 2943 exitura,
622 2883 651 2928 et
664 2891 717 2928 nos
730 2872 760 2928 in
775 2881 913 2929 eternum

355 3022 357 3028 Ι
446 2947 586 3006 Exsilium
600 2950 765 3026 impositura
777 2951 895 3027 nymbae.

628 3253 713 3314 ODE
732 3256 785 3316 lv.

591 3397 630 3436 nn
644 3396 822 3437 snrrmrrma
852 3371 857 3381 “

366 3505 505 3574 Snrrrnn,
518 3497 616 3557 Gades
629 3497 739 3556 aditure
752 3514 877 3568 meeum,
891 3505 921 3553 et

366 3582 543 3642 Cantabrum
557 3577 705 3635 indoctum
717 3576 788 3652 juga
800 3575 875 3633 ferre
886 3585 991 3650 nostra,
1005 3585 1035 3634 et

316 3680 318 3686 ·
366 3660 504 3719 Barbarae
519 3658 625 3733 Syrtes,
639 3655 689 3712 ubi
703 3653 807 3711 Maura
819 3673 929 3731 semper

525 3735 640 3794 AEstuat
653 3734 747 3790 unda:

368 3817 471 3888 Tibur,
485 3817 583 3890 Argeo
596 3812 719 3888 positum
733 3809 842 3886 0010n0,

370 3897 415 3955 Sit
426 3913 499 3952 meaa
513 3893 596 3952 sedes
609 3892 719 3950 utinam
732 3894 871 3952 senectae!

449 3974 469 4032 3
