2706 4362
187 357 246 417 148
508 352 539 408 o.
557 351 703 400 nomen
719 351 845 402 smccr

224 497 343 574 Incipe:
363 496 412 572 qui
425 491 504 552 recte
517 493 629 550 vivendi
643 505 773 570 prorogat
787 496 896 566 horam,

224 577 363 634 Rusticus
376 584 521 650 exspectat
534 573 602 628 dum
616 572 722 629 defluet
735 573 843 642 emnis;
864 584 893 630 et
908 573 956 629 ille

223 655 353 726 Labitur,
365 665 394 711 et
407 653 516 709 labetur
530 652 560 708 in
573 670 658 708 omne
672 651 803 708 volubilis
817 670 917 708 terum.

261 733 408 796 Quaeritur
423 741 580 806 argentum,
594 730 744 805 puerisque
760 729 841 786 beata
854 730 986 787 creandis

223 811 310 884 Uxor,
323 823 352 868 et
366 811 480 868 inculte
493 819 631 884 pacantur
644 827 756 866 vomere
769 808 854 868 silve.
1132 809 1173 866 45

124 882 129 890 ’
222 891 312 953 Quod
325 887 394 948 satis
407 899 450 946 est
463 888 510 946 cni
524 887 654 964 contigit,
669 888 714 943 hic
728 888 798 944 nihil
813 887 934 963 amphus
946 896 1031 961 optet.

223 969 291 1027 Non
304 971 405 1027 domus
419 978 447 1024 et
461 967 647 1038 fundussnon
658 966 721 1022 aeris
735 981 853 1022 acervus
867 976 896 1023 et
909 965 970 1022 auri

223 1045 464 1124 AEgrotodomini
478 1045 596 1104 deduxit
609 1063 725 1120 corpore
740 1044 843 1117 febres,

223 1125 291 1184 Non
305 1128 401 1184 animo
413 1141 504 1181 curas.
545 1124 645 1180 Valeat
659 1143 801 1199 possessor
814 1133 934 1200 oportet,

223 1205 256 1262 Si
269 1205 452 1280 comportatis
466 1204 550 1259 rebus
564 1203 637 1259 bene
651 1204 757 1276 cogitat
771 1203 820 1259 uti.
852 1265 854 1270 ,

221 1283 284 1345 Qui
298 1285 376 1358 cupit
390 1294 438 1339 aut
452 1281 563 1352 metuit,
573 1282 652 1356 juvat
665 1281 744 1337 ilium
760 1282 801 1338 sic
815 1283 917 1338 domus
930 1291 959 1337 et
971 1297 1028 1350 res,

222 1360 261 1419 Ut
274 1362 381 1438 lippum
394 1361 477 1437 pictae
491 1360 605 1432 tabulae,
619 1360 743 1416 fomenta
756 1362 920 1436 podagram,

222 1441 376 1499 Auricuias
390 1440 506 1496 citharae
519 1437 640 1496 collecte
654 1441 736 1496 sorde
754 1440 891 1497 dolentes.

223 1521 374 1577 Sincernm
388 1532 431 1576 est
444 1517 499 1574 nisi
514 1536 573 1589 vas,
585 1520 773 1593 quodcunque
787 1519 912 1576 infundis
926 1516 1038 1575 acescit.

222 1600 334 1674 Sperne
347 1599 523 1673 uoluptates:
540 1606 624 1653 nocet
637 1608 732 1672 empta
746 1597 841 1655 dolore
855 1597 990 1672 voluptas.

223 1678 342 1752 Semper
355 1695 455 1733 avarus
467 1685 552 1750 eget;
572 1687 681 1733 certum
695 1686 760 1733 voto
771 1687 837 1751 pete
850 1676 945 1733 finem.

222 1754 341 1812 Invidus
354 1755 469 1812 alterius
483 1755 633 1812 macrescit
647 1755 731 1812 rebus
743 1755 866 1830 opimis:

222 1832 335 1891 Invidit
349 1834 439 1891 Siculi
453 1853 511 1890 non
525 1832 660 1890 invenere
674 1834 786 1909 tyranni

222 1911 318 1988 Majus
331 1923 511 1970 tormentum.
551 1911 613 1972 Qui
628 1931 686 1969 non
700 1913 889 1969 moderabitur
903 1913 963 1983 irae,

222 1990 364 2048 Infectum
379 1992 452 2048 volet
465 2008 539 2060 esse,
552 1991 632 2047 dolor
643 1992 718 2065 qnod
732 1992 850 2048 suaserit
864 2000 893 2048 et
906 2007 999 2060 mens,

221 2067 300 2124 Dum
312 2089 410 2143 poenas
423 2070 490 2126 odio
502 2086 552 2142 per
566 2069 621 2125 vim
636 2069 749 2126 festinat
762 2070 861 2126 inulto.

222 2145 270 2202 Ira
283 2147 360 2202 furor
372 2147 464 2202 brevis
477 2159 538 2202 est:
558 2147 686 2201 animum
699 2167 778 2220 rege,
790 2148 849 2220 qui,
864 2147 919 2203 nisi
932 2155 1023 2222 peret,

221 2221 362 2297 Imperat:
384 2223 461 2279 hunc
475 2223 579 2292 frenis,
593 2223 669 2278 hunc
683 2234 714 2279 tu
728 2241 877 2298 compesce
892 2225 1003 2282 catenft.

221 2299 320 2376 Fingit
333 2319 436 2376 equum
450 2300 548 2357 tenere
562 2300 685 2358 docilem
698 2301 809 2358 cervice
825 2302 957 2377 magister

221 2377 268 2436 Ire
282 2381 355 2436 viam
369 2381 426 2454 qut
440 2389 577 2438 monstret
588 2399 685 2454 eques.
726 2379 896 2452 VeneticuS,
908 2400 944 2438 ex
957 2399 1013 2456 quc

220 2457 366 2534 Tempore
379 2459 522 2515 cervinam
536 2458 638 2536 pellem
653 2459 762 2516 latravit
776 2459 806 2515 in
816 2459 892 2530 auiti,

221 2535 326 2594 Militat
339 2538 369 2593 in
383 2537 459 2594 silvis
473 2537 594 2592 catulus.
635 2537 664 2593 N
667 2557 722 2594 unc
737 2538 840 2594 adhibe
853 2557 924 2613 puro

220 2613 340 2672 Pectore
353 2616 446 2685 verba,
460 2633 546 2688 puer;
568 2633 646 2672 nunc
660 2627 688 2673 te
703 2616 866 2673 melioribus
878 2616 955 2672 offer.

218 2692 288 2754 Quo
302 2694 389 2750 semel
400 2705 443 2750 est
456 2693 566 2750 imbuta
577 2711 689 2767 recens,
703 2695 823 2752 servabit
835 2695 950 2752 odorem
1032 2711 1035 2714 ·

210 2771 298 2830 Testa
311 2772 369 2828 diu.
410 2769 501 2833 Quod
514 2771 538 2828 si
552 2791 657 2845 cessas,
669 2786 721 2831 eut
734 2785 865 2830 strenuus
879 2773 982 2844 anteis,

219 2850 284 2909 Nec
298 2853 410 2909 tardum
422 2851 562 2928 opperior,
575 2871 630 2909 nec
644 2853 870 2928 precedentibus
885 2853 967 2910 insto.

531 3167 733 3226 EPISTOLA
754 3167 812 3225 ΙΙΙ.

513 3304 675 3344 Autumnus
690 3305 821 3344 FLORUM.

217 3401 286 3460 Jum
301 3401 395 3473 Flore,
409 3404 510 3479 quibus¹
524 3414 661 3459 terrerum
675 3403 776 3460 militet
788 3404 847 3459 oris

112 3482 121 3495 '
217 3479 355 3536 Claudius
361 3480 480 3556 Augusti
495 3481 651 3556 privignus,
664 3481 736 3537 scire
750 3480 854 3548 laboro

218 3555 371 3613 Thracane
385 3578 443 3629 vos,
458 3561 628 3635 Hebrusque
641 3559 725 3616 nivali
740 3561 877 3636 compede
891 3561 1014 3633 vinctus,

218 3635 265 3690 An
281 3635 351 3690 freta
365 3636 471 3694 vicinas
486 3639 559 3695 inter
572 3639 715 3696 currentia
728 3652 830 3711 turm,

219 3712 267 3766 An
281 3711 401 3784 pingues
415 3716 492 3772 Asine
507 3718 600 3791 campi
614 3718 759 3792 collesque
771 3721 938 3776 morantur?

216 3787 298 3874 Quid
313 3789 437 3874 studiose
449 3794 552 3848 cohors
564 3813 681 3868 opernm
696 3797 798 3853 struit?
838 3797 911 3854 Haec
924 3816 1035 3872 quoque
1049 3815 1139 3855 curo:

217 3863 293 3925 Quis
307 3863 361 3919 srbr
374 3879 525 3940 ungentes
540 3871 664 3946 Augusti
678 3875 801 3934 scribere
816 3877 922 3934 sumitt
