2704 4362
158 347 216 409 rm
417 381 421 392 ,
487 342 518 401 a.
535 340 681 395 nostru
698 340 823 394 rucei

196 488 315 549 Utilium
328 485 427 546 tardus
438 486 576 562 provisor,
587 486 722 563 prodigus
736 485 815 558 utiq.

197 567 344 638 Sublimis,
358 563 535 641 cupidusque
548 577 577 623 et
591 575 688 624 amata
698 563 980 641 relinquerepen'ru
1090 571 1148 628 165

197 645 350 706 Conversis
364 643 475 716 studiis,
490 655 559 702 setas
572 643 740 717 animusque
753 641 842 700 virilis

195 725 307 786 Quaerit
320 741 388 798 opes
402 733 430 780 et
444 721 593 794 amicitias,
607 721 724 778 inservit
737 720 849 793 honori,
926 744 928 750 ·

127 827 131 838 ·
196 802 381 861 commisisse
395 811 476 857 cavet
489 801 565 876 quod
578 819 647 858 mox
658 809 768 860 mutare
782 799 899 858 laboret.

195 879 289 939 Multa
302 897 401 938 senem
414 879 643 939 circumveniunt
657 878 856 947 incommoda3
876 878 925 936 vel
934 878 1011 955 qudd

194 959 316 1030 Quaerit,
331 969 359 1015 et
373 957 495 1016 inventis
509 957 594 1014 miser
609 957 733 1014 abstinet
746 975 780 1014 ae
794 957 876 1020 timet
889 958 947 1027 un·;

194 1037 248 1094 Vel
262 1034 339 1112 qudd
352 1055 398 1093 res
410 1051 511 1094 omnes
523 1032 623 1094 timide
637 1032 789 1111 gelideque
804 1035 954 1108 ministrat,

195 1113 314 1186 Dilator,
329 1134 378 1190 spe
391 1114 505 1190 longus,
520 1114 606 1185 iners,
622 1114 776 1187 avidusque
791 1112 887 1185 firurri,

128 1219 135 1266 ς
193 1193 335 1266 Difficilis,
347 1193 491 1268 querulus,
505 1192 633 1250 laudator
647 1191 783 1267 temporis
794 1193 853 1250 acti

126 1273 136 1342 2*
195 1273 234 1328 Se
247 1290 346 1347 puero,
362 1290 463 1330 censor
477 1271 683 1346 castigatorque
697 1270 850 1328 minorum

194 1348 288 1408 Multa
300 1350 395 1407 serunt
408 1349 475 1406 anni
490 1349 636 1406 venientes
650 1349 802 1408 commoda
814 1368 929 1420 secum

194 1427 287 1487 Multa
301 1428 468 1486 recedentes
481 1427 619 1488 adimunt.
660 1426 707 1484 Ne
721 1425 792 1484 sorte
807 1428 912 1486 seniles

194 1505 368 1565 Mandentur
379 1506 477 1582 juveni
490 1517 594 1581 partes,
607 1524 750 1582 pueroque
764 1505 868 1578 viriles,

194 1586 312 1662 Semper
325 1586 354 1643 in
368 1585 510 1660 adjunctis
524 1604 638 1660 aevoque
652 1585 824 1644 morabimur
837 1585 918 1662 aptis.
984 1627 988 1634 -

233 1666 294 1722 Aut
308 1664 399 1740 egitur
412 1683 458 1720 res
472 1663 502 1721 in
516 1664 620 1736 scenis,
635 1675 684 1722 aut
696 1675 761 1722 acta
773 1663 909 1734 refertur:

194 1741 319 1819 Segnius
332 1742 443 1800 irritant
456 1743 565 1800 animos
579 1743 702 1802 demissa
715 1762 766 1818 per
780 1761 888 1816 aurern,

191 1820 293 1884 Quam
306 1839 368 1897 quae
382 1831 449 1880 sunt
462 1821 553 1878 oculis
566 1821 695 1896 subjecta
707 1821 847 1894 fidelibus,
860 1832 891 1880 et
902 1841 966 1898 quae

192 1899 259 1976 Ipse
273 1899 325 1958 sibi
339 1901 424 1958 tradit
438 1910 585 1975 spectator.
626 1899 694 1958 Non
709 1911 804 1958 tamen
818 1902 895 1960 iulus

193 1977 289 2055 Digna
302 1978 363 2054 geri
376 1997 489 2054 promes
502 1979 532 2036 in
546 1997 679 2048 scenam3
701 1980 844 2055 multaque
855 1979 936 2039 tolles

192 2055 238 2113 Ex
251 2056 351 2128 oculis,
365 2076 428 2131 quae
441 2075 507 2114 mox
520 2068 615 2116 narret
629 2058 762 2116 facundia
775 2077 916 2134 praesens:

132 2191 138 2202 ,
192 2133 239 2191 Ne
252 2154 354 2210 pueros
368 2153 463 2193 coram
477 2135 581 2212 populo
595 2135 701 2194 Medea
714 2135 850 2208 trucidet;

194 2211 255 2268 Aut
268 2213 393 2270 humana
405 2210 501 2288 paldm
514 2225 616 2287 coquet
629 2225 694 2272 exta
707 2216 832 2274 nefarius
846 2217 968 2286 Atreus3

192 2291 253 2347 Aut
263 2291 292 2346 in
307 2309 386 2348 avem
400 2290 513 2366 Progne
527 2304 659 2364 vertatur,
675 2294 803 2352 Cadmus
817 2295 847 2354 in
862 2315 993 2372 anguem.

190 2368 393 2444 Quodcunque
406 2370 533 2428 ostendis
547 2371 618 2428 mihi
632 2372 683 2445 sic,
697 2373 862 2432 incredulus
875 2375 932 2434 odi.

230 2445 312 2505 Neve
326 2448 426 2520 minor,
441 2465 497 2506 neu
512 2450 548 2508 sit
561 2452 661 2526 quinto
673 2453 835 2527 productior
850 2465 915 2512 actu

191 2524 309 2597 Fabula,
324 2545 386 2601 quae
400 2529 477 2602 posci
491 2527 549 2586 vult
560 2541 589 2588 et
602 2541 728 2606 spectata
742 2533 856 2608 reponi:

190 2602 255 2660 Nec
269 2604 340 2660 dens
355 2605 474 2678 intersit,
489 2606 544 2664 nisi
558 2609 662 2685 diguus
676 2611 788 2667 vindice
801 2611 894 2669 nodus

190 2681 342 2740 Inciderit:
363 2701 418 2740 nec
432 2696 530 2759 quarta
542 2686 618 2763 loqui
632 2707 751 2764 persona
764 2689 880 2748 laboret.

229 2761 343 2818 Actoris
356 2773 451 2837 perles
463 2766 568 2823 chorus
581 2768 761 2842 officiumque
775 2767 855 2827 virile

190 2836 347 2911 Defendat3
368 2861 425 2898 neu
438 2843 506 2917 quid
520 2845 629 2904 medios
641 2847 793 2905 intercinat
806 2859 896 2920 actus,

188 2918 277 2979 Quod
291 2937 349 2977 non
363 2922 505 2997 proposito
518 2926 661 2982 conducat
675 2937 703 2985 et
718 2927 823 2984 haereat
836 2925 919 3004 apte:

189 2995 241 3054 Ille
255 2996 336 3056 bonis
351 2999 504 3076 faveatque,
519 3013 548 3059 et
561 3005 726 3062 consilietur
740 3006 855 3077 amicis3

188 3074 226 3132 Et
239 3087 318 3153 regat
332 3077 427 3152 iratos,
441 3089 471 3136 et
484 3092 560 3138 amet
572 3101 675 3158 pacare
690 3096 832 3144 tumentes
843 3106 850 3155 ;

188 3152 240 3212 Ille
255 3156 342 3232 dapes
356 3155 453 3216 laudet
465 3177 571 3216 mensae
585 3162 678 3220 brevis
686 3183 693 3232 ;
715 3163 762 3221 ille
776 3165 919 3224 salubrem

187 3231 205 3288 J
208 3233 342 3308 ustitiam,
356 3235 499 3312 legesque,
513 3250 542 3296 et
556 3241 658 3313 apertis
671 3242 729 3299 otia
741 3244 829 3318 portis
837 3265 844 3314 ;

187 3309 241 3369 Ille
254 3321 331 3388 tegat
345 3315 505 3388 commissa,
520 3317 643 3391 deosque
657 3332 789 3394 precetur
800 3333 829 3380 et
842 3333 913 3394 oret,
1076 3323 1136 3382 200

186 3387 224 3445 Ut
238 3391 335 3448 redeat
348 3393 469 3466 miseris,
484 3395 567 3452 abeat
581 3395 694 3454 fortuna
708 3400 844 3474 superbis.

225 3465 313 3526 Tibia
326 3489 394 3542 non,
409 3484 440 3530 ut
454 3492 546 3546 nune,¹
555 3474 699 3534 orichalco
712 3477 818 3550 vincta,
831 3477 964 3554 tubeque

185 3539 311 3618 AEmula,
326 3550 376 3606 sed
390 3552 483 3608 tenuis
497 3553 671 3630 simplexque
683 3557 820 3616 foramine
833 3575 936 3633 pauco,

185 3619 340 3694 Adspirate
354 3638 383 3683 et
396 3629 496 3687 adesse
511 3633 604 3691 choris
618 3635 778 3708 natatilis,
793 3647 877 3711 atque
897 3677 900 3684 Δ

185 3694 321 3790 Nondum
327 3703 424 3792 xspissa
438 3707 523 3764 nimis
538 3713 680 3788 complere
694 3714 793 3772 sedilia
807 3713 885 3788 flatu,
1075 3716 1137 3774 205

182 3770 255 3830 Quo
269 3791 338 3860 sanc
352 3781 473 3850 populus
486 3789 679 3862 numerabilis,
694 3801 789 3867 utpote
802 3812 915 3869 parvus,

184 3845 222 3903 Et
236 3846 309 3923 frugi
323 3861 473 3928 castusque
486 3867 718 3943 verecundusque
733 3871 835 3930 coibat
