2706 4362
180 382 239 444 ltu
504 375 538 431 o.
554 372 700 422 nouam
717 371 842 422 mcor

192 563 193 568 κ
219 521 286 582 Hoc
297 520 384 598 juvat,
398 518 475 576 heud
489 517 558 576 iliud
572 525 742 592 querentes,
754 533 824 572 num
838 514 900 572 sine
913 533 1010 588 sensu,

218 595 362 678 Tempore
376 617 445 658 num
458 597 565 656 faciant
578 593 839 653 alieno-Ledere
852 593 971 669 gaudes,

219 679 320 756 Inquis
333 699 340 736 :
360 690 389 736 et
402 678 458 736 hoc
471 677 564 734 studio
577 693 680 751 pravus
693 671 897 730 taem-Unde
909 675 1030 748 petitum

220 758 287 816 Hoc
300 759 330 815 in
344 776 390 814 me
401 756 496 832 jucisi
517 765 561 812 est
571 764 671 811 auctor
683 752 747 827 quis
760 751 885 826 deniquo
897 769 996 809 eorum

218 837 287 896 viri
300 855 367 894 cum
380 835 501 910 quibust
537 834 695 890 Absentem
706 832 755 907 qui
768 830 843 888 rodit
856 830 999 900 amioum
1128 831 1170 890 ἃ)

218 916 280 978 Qui
294 935 353 976 nou
365 913 504 985 defendit,
517 913 572 970 ulio
585 912 719 988 culpante
730 931 738 981 ;
757 906 865 968 solutos

218 995 281 1057 Qui
295 1003 391 1070 captat
403 994 476 1050 risus
490 991 649 1062 bominum,
663 991 822 1064 famamque
836 988 963 1058 dicacis3

218 1073 345 1150 Fingere
358 1071 407 1148 qui
420 1091 479 1130 uon
493 1071 552 1128 visu
565 1079 677 1148 potest;
696 1068 848 1126 commisse
861 1061 956 1125 tece're

218 1152 282 1214 Qui
295 1151 409 1227 nequit:
430 1151 478 1208 hio
490 1150 572 1226 niger
584 1159 642 1218 est3
663 1149 741 1206 hunc
754 1158 797 1218 tu,
810 1147 956 1220 Romane,
968 1156 1075 1225 cavetoz

220 1227 304 1307 Stepd
318 1231 408 1288 tribus
421 1229 503 1288 lectis
516 1229 613 1286 videns
625 1246 739 1284 coenere
751 1237 922 1300 quaternos;
1126 1226 1168 1284 85

219 1309 362 1385 Equibus
377 1327 450 1366 unus
464 1318 527 1366 ovet
536 1307 635 1382 qudvis
648 1324 798 1381 aspergere
813 1315 945 1377 cunctos,

219 1388 327 1446 Praeter
339 1407 405 1446 eum
418 1387 467 1462 qui
479 1387 585 1463 prebet
595 1404 714 1461 aquam3
733 1380 807 1460 prist,
818 1385 896 1441 hunc
906 1401 1017 1459 quoque
1029 1393 1122 1460 potus,

220 1466 345 1526 Condita
357 1485 443 1541 quum
457 1485 541 1522 verax
554 1465 643 1542 operit
656 1463 810 1540 precordia
823 1463 926 1520 Liber:

85 1539 87 1548 '
188 1561 192 1572 ·
219 1543 281 1602 Hic
293 1545 345 1604 tibi
358 1544 448 1603 comis
461 1556 490 1602 et
503 1545 628 1602 urbanus
642 1543 768 1617 liberque
782 1541 894 1599 videtur

220 1623 328 1682 Infesto
342 1623 440 1700 nigrie.
473 1623 550 1700 Ego,
562 1624 586 1680 ei
599 1623 648 1680 risi
662 1619 738 1697 qubd
752 1622 866 1697 ineptus
1127 1619 1168 1677 90

220 1702 350 1762 Pastillos
364 1702 489 1760 Rufillus
501 1703 570 1773 olet,
582 1700 744 1776 Gorgonius
758 1700 882 1771 hircum,

220 1781 339 1840 lividus
349 1792 378 1839 et
391 1781 507 1840 mordax
520 1781 616 1838 videor
629 1777 690 1836 tibi.
724 1778 837 1836 Montio
848 1778 872 1836 si
884 1795 941 1854 qun

221 1860 267 1918 De
281 1860 435 1936 Capitolini
448 1860 529 1918 furtis
542 1859 647 1934 injecta
660 1856 755 1916 Petilli

221 1937 269 1998 Te
282 1958 378 1998 coram
393 1939 488 2010 fuerit,
503 1938 652 2009 defendes,
661 1947 693 1995 ut
705 1946 771 1994 tuus
785 1945 827 1992 est
839 1953 901 1994 mos
911 1951 945 1992 r-

221 2015 272 2076 Me
286 2017 466 2093 Capitolinus
478 2016 640 2074 convictore
653 2034 722 2072 usus
735 2014 885 2088 amicoque
1128 2013 1169 2072 95

221 2098 250 2154 A
263 2115 352 2171 puero
365 2105 417 2166 est,
431 2096 575 2170 cauerique
589 2094 654 2151 mei
667 2093 805 2170 permulta
818 2102 935 2169 rogetus

222 2173 321 2242 Fecit;
343 2184 371 2231 et
385 2173 535 2232 incolumis
548 2173 626 2230 laetor
638 2169 716 2246 qudd
729 2171 797 2229 vivit
809 2171 840 2228 in
853 2171 922 2228 urbe
935 2189 944 2227 :

222 2251 282 2308 Sed
295 2261 391 2330 tamen
404 2250 528 2308 admiror
541 2269 598 2326 quo
609 2261 694 2326 pecto
703 2249 845 2325 judicium
859 2249 929 2307 iilud

221 2328 449 2406 merit-»Hic
462 2330 554 2406 nigre
565 2347 669 2386 suecos
682 2328 824 2405 brigium
844 2330 907 2388 brec
920 2337 964 2385 est

221 2407 333 2485 AErugo
346 2428 442 2478 meru3
463 2409 538 2482 quod
553 2407 652 2466 vitium
666 2407 764 2482 procui
779 2405 875 2466 abfore
889 2405 1006 2478 chartis,
1112 2407 1170 2465 1⁰0

221 2487 317 2562 Atque
332 2485 429 2546 animo
440 2485 531 2563 privis,
543 2498 586 2558 ut,
599 2487 623 2543 si
637 2486 705 2561 quid
718 2485 882 2562 promittere
895 2485 932 2543 de
946 2503 992 2542 me

221 2565 342 2623 Possum
355 2567 444 2638 aliud,
457 2563 523 2624 verri
536 2565 677 2641 promitto.
711 2564 843 2622 Liberius
856 2563 880 2622 si

221 2643 329 2702 Dixero
340 2645 419 2719 quid,
432 2644 457 2700 si
470 2640 541 2701 sorte
552 2643 754 2718 jocosius,hoe
767 2643 837 2700 mihi
849 2641 921 2718 juris

222 2721 297 2778 Cum
310 2723 394 2779 veniri
408 2722 504 2779 dabis:
525 2721 646 2778 insuevit
658 2731 739 2797 pater
750 2722 874 2798 optimus
888 2722 942 2779 hoc
953 2739 1012 2793 ure,

221 2799 259 2858 Ut
273 2801 412 2877 sugerem,
424 2800 560 2876 exemplis
573 2801 703 2888 vitio-rum
713 2819 835 2876 quaeque
848 2801 982 2858 notendo
1112 2799 1169 2856 105

220 2878 322 2940 Quum
336 2899 383 2937 me
396 2881 565 2952 imrturetur,
576 2877 675 2956 perci,
689 2879 846 2956 frugaliter,
858 2890 943 2954 atque

221 2958 355 3016 Viverem
369 2955 410 3015 uti
425 2969 577 3017 contentus
589 2960 712 3034 eoquod
726 2957 766 3016 mi
780 2959 840 3036 ipse
854 2959 999 3036 perisset:

221 3041 240 3068 ‘⁴
255 3036 364 3095 Nonne
377 3037 466 3109 vides,
479 3036 548 3095 Albi
562 3048 594 3094 ut
607 3035 684 3095 meld
695 3038 769 3096 vivat
782 3037 876 3096 filium
897 3047 985 3111 utque

221 3115 325 3174 Barrus
338 3117 439 3196 irrepsi
460 3135 598 3194 magnum
610 3117 823 3189 documentum,
838 3135 877 3173 ne
888 3116 1008 3193 patriam
1020 3134 1082 3172 rem

166 3203 174 3276 ζ
220 3194 344 3254 Perdere
357 3198 420 3274 quir
434 3197 527 3254 veiit''
571 3197 599 3254 A
613 3196 688 3271 turpi
701 3196 860 3254 meretricis
872 3215 968 3253 amore
1112 3195 1170 3251 110

165 3277 172 3296 ”
220 3272 321 3334 Quum
335 3276 497 3346 deterreret,
512 3279 530 3306 ‘¹
541 3275 657 3332 Sectoni
671 3274 816 3332 dissimilis
829 3275 895 3332 svs.’'

220 3350 268 3408 Ne
282 3372 413 3428 sequerer
426 3354 563 3424 moeohas,
576 3354 714 3410 oonooest
727 3371 815 3428 quum
829 3353 944 3411 Venere
957 3352 1000 3410 uti

220 3429 348 3503 Possem,
368 3437 386 3462 “
396 3431 536 3508 Deprensi
551 3449 609 3488 uon
623 3430 696 3488 belia
710 3440 753 3488 est
767 3432 841 3488 fama
854 3431 1013 3502 Treboni,’'

221 3507 334 3566 Aiebat.
375 3513 393 3540 “
407 3511 537 3586 Sapiens,
551 3510 639 3568 vitatu
652 3510 777 3584 quidque
789 3511 879 3585 petitu

221 3585 265 3642 Sit
278 3587 390 3660 melius,
402 3607 504 3648 censos
517 3589 616 3648 reddet
629 3589 697 3646 tibi:
717 3587 757 3646 vni
772 3587 840 3648 satis
853 3599 908 3660 est,
921 3590 946 3646 si
1112 3589 1169 3645 115

220 3661 375 3730 Traditum
389 3667 426 3724 eb
439 3667 561 3746 antiquis
571 3686 684 3726 morem
698 3685 818 3740 servare,
831 3678 978 3744 tuamque,

221 3741 300 3801 Dum
314 3747 440 3804 custodia
453 3765 532 3822 eges,
545 3747 631 3806 vitam
645 3747 804 3822 summaque
817 3748 891 3805 tueri

221 3820 400 3883 ineolumem
413 3841 546 3896 possum:
567 3827 651 3884 simul
665 3845 700 3884 ac
714 3825 854 3884 duraverit
865 3836 934 3884 etas

222 3897 353 3958 Membra
366 3899 556 3986 ῐιῐιὶιῑιιιιηφωΧ
562 3915 655 3974 tuum,
668 3906 750 3964 nabis
765 3905 827 3964 sine
841 3906 977 3964 cortice.''
1019 3903 1068 3962 Sic
1082 3919 1129 3960 me
