2756 4366
559 275 759 326 CARMINUM
775 283 840 330 ΜΒ.
858 283 907 330 111.

434 414 555 473 Custos:
576 429 731 478 amatorem
744 431 880 480 trecente

472 493 632 554 Pirithoum
645 499 782 562 uohilrent
795 509 912 558 caena.

669 851 753 910 onu
766 853 802 912 v.
839 929 841 936 Ι

392 971 487 1029 Omne
500 979 647 1028 tonantem
659 971 832 1028 credidimus
845 971 946 1031 Jovenr

391 1051 545 1126 Regnare:
566 1067 689 1124 presens
702 1044 785 1107 divus
797 1050 945 1108 habebitur

431 1131 590 1204 Augustus,
605 1128 724 1203 adjectis
737 1127 881 1186 Britannis

469 1206 604 1280 Imperio,
618 1206 810 1281 gravibusque
821 1206 923 1264 Persis

390 1285 513 1343 Milesne
527 1283 625 1340 Crassi
638 1283 760 1358 eonjuge
775 1283 894 1341 barbam

389 1363 496 1438 Turpis
509 1362 627 1418 maritus
641 1361 724 1417 vixit!
745 1371 775 1417 et
788 1362 911 1420 hostium

430 1441 520 1519 (Proh
533 1439 623 1509 auria,
638 1439 797 1513 inversique
810 1442 931 1522 mores!)

468 1519 627 1577 Consenuit
640 1536 801 1580 socerorum
814 1519 844 1594 in
858 1523 941 1594 arvis,

389 1599 449 1660 Sub
462 1617 529 1674 rege
543 1597 641 1668 Medo,
656 1594 769 1654 Marsus
782 1607 811 1654 et
823 1599 964 1676 Appulus,

389 1679 568 1737 Aneiliorum
581 1686 610 1732 et
622 1675 746 1732 nominis
759 1686 789 1732 et
801 1687 874 1753 roge

428 1756 554 1824 Oblitus,
569 1764 737 1826 aeternaeque
750 1754 857 1825 veste,

468 1831 609 1888 Inuolumi
623 1828 696 1886 Jove
710 1839 739 1886 et
752 1831 821 1886 urbe
836 1832 948 1890 Romt!

389 1913 454 1971 Hoc
468 1919 581 1968 caverat
594 1925 675 1965 mens
688 1907 805 1983 provida
817 1907 934 1986 Reguli,

388 1989 591 2048 Dissentientis
605 1985 816 2045 conditionibus

426 2068 532 2140 Foedis,
547 2078 576 2125 et
588 2065 717 2141 exemplo
730 2066 852 2124 trahenti
937 2077 942 2091 ·

462 2146 623 2204 Perniciem
637 2145 754 2202 veniens
767 2144 797 2201 in
811 2164 912 2220 aerum,

386 2228 418 2286 si
432 2245 490 2284 non
502 2225 607 2300 periret
620 2223 828 2281 immiserabilis

384 2305 504 2382 Captiva
515 2304 613 2379 pubes.
648 2302 767 2378 “Signa
779 2321 834 2378 ege
846 2303 964 2364 Punieis

425 2383 521 2441 Affixa
534 2380 668 2453 delubris,
682 2391 710 2437 et
724 2399 802 2438 arma

463 2461 603 2518 Militibus
616 2459 678 2521 sine
691 2460 799 2529 eaede,”
811 2459 891 2532 dixit,

384 2547 403 2574 ‘⁴
416 2540 534 2616 Direpta
548 2538 622 2596 vidi:
644 2537 702 2594 vidi
714 2556 769 2613 ego
783 2537 888 2595 civium

383 2620 503 2679 Retorta
516 2631 596 2694 tergo
610 2616 838 2689 trachiarum,

376 2765 378 2770 ¹
421 2699 576 2773 Portesque
590 2715 648 2754 nou
662 2697 783 2768 clausus,
797 2706 826 2752 et
839 2715 905 2756 arva

461 2775 554 2833 Marte
568 2775 623 2832 ooli
636 2775 769 2849 populata
781 2781 886 2831 nostro.

382 2855 463 2911 Auro
476 2871 613 2927 repensus
626 2852 736 2907 seilicet
750 2852 840 2908 aerior

382 2931 468 2988 Miles
481 2929 602 2986 redibitl
635 2927 757 3004 Flagitio
770 2929 873 2988 additis

421 3009 574 3066 Damnum.
604 3005 707 3082 Neque
721 3008 838 3066 amissos
851 3008 960 3068 colores

354 3099 356 3108 ‘
417 3107 421 3116 ’
460 3085 541 3142 Luna
554 3084 638 3142 refert
652 3086 793 3142 medioata
806 3087 885 3154 fueo;

381 3165 446 3226 Nee
459 3181 527 3221 vera
539 3163 636 3232 virtus,
650 3178 737 3235 quum
751 3163 838 3218 semel
852 3163 968 3234 excidit,

379 3246 471 3304 Curat
481 3240 580 3319 reponi
594 3238 788 3297 deterioribus.

418 3324 451 3382 Si
464 3331 573 3399 pugnat
583 3319 720 3378 extricata
733 3317 830 3376 densis

457 3401 548 3459 Cerva
561 3399 652 3476 plagis
660 3419 668 3469 ;
688 3398 743 3456 erit
753 3397 800 3456 ille
814 3396 903 3469 sortis,

378 3482 441 3545 Qui
454 3480 569 3558 perfidis
582 3498 613 3536 se
627 3479 749 3537 eredidit
763 3478 907 3546 hostibus;

380 3560 419 3618 Et
432 3559 525 3617 Marte
536 3559 639 3616 Poenos
652 3567 775 3633 proteret
788 3556 887 3627 altero,

417 3637 480 3699 Qui
494 3638 553 3694 lora
565 3637 702 3694 restrictis
714 3635 828 3692 lacertis

466 3716 562 3773 Sensit
575 3717 660 3786 iners,
674 3713 823 3789 timuitque
836 3724 962 3775 mortem.

379 3791 448 3867 Hie,
462 3794 540 3852 unde
553 3795 638 3850 vitam
651 3802 775 3851 sumeret
788 3794 905 3868 inseius,
