2756 4366
531 359 732 414 CARMINUM
749 361 816 416 LIB.
834 365 882 416 IV.

405 504 546 581 Auguste,
560 506 677 564 virtutes
690 507 720 564 in
734 524 826 566 aevum

442 584 497 641 Per
510 585 607 642 titulos
621 605 816 662 memoresque
831 587 917 646 fastos

366 661 519 720 AEternetl
539 683 567 736 0,
582 664 639 738 qut
652 665 693 722 sol
708 666 875 731 habitabiles

366 740 493 799 Illustrat
505 761 578 814 oras,
594 743 717 800 maxime
730 745 902 821 principum,

372 825 388 834 ‘
404 819 503 882 Quem
517 821 588 896 legis
601 833 733 897 expertes
746 823 856 881 Latinae
906 844 909 849 ’

445 896 591 956 Vindelici
604 898 732 958 didicdre
746 922 836 978 nuper

284 985 287 988 “
364 975 447 1038 Quid
463 975 556 1034 Marte
569 997 675 1053 posses.
720 978 813 1038 Milite
822 1001 893 1038 nam
907 993 956 1042 tuo

366 1053 478 1112 Drusus
491 1055 656 1130 Genaunes,
671 1058 854 1133 implacidum
868 1079 968 1136 genus,

405 1134 591 1212 Breunosque
606 1135 727 1208 veloces,
742 1148 771 1194 et
784 1156 865 1194 arces

418 1285 420 1290 Α
444 1212 567 1289 Alpibus
580 1213 726 1289 impositas
739 1216 905 1289 tremendis,

366 1290 480 1366 Dejecit
493 1311 560 1348 acer
572 1289 638 1367 plius
652 1293 714 1350 vioe
728 1294 859 1369 simplici.

366 1368 459 1445 Major
473 1369 623 1428 Neronum
637 1390 703 1429 mox
717 1391 803 1447 grave
816 1372 947 1448 proelium

404 1449 563 1520 Commisit,
578 1450 773 1526 immanesque
788 1451 907 1520 Rhartes

443 1528 590 1604 Auspiciis
602 1530 712 1604 pepulit
724 1531 880 1590 secundis:

307 1621 309 1625 ⁴
363 1607 554 1682 spectandus,
565 1607 595 1664 in
610 1610 766 1666 certamine
781 1607 895 1684 Martio,

365 1684 475 1742 Devota
486 1686 571 1744 morti
584 1698 699 1760 pectora
712 1687 809 1744 libera}

365 1798 367 1801 ·
405 1760 531 1822 Quantis
545 1763 676 1836 fatigaret
688 1764 789 1834 ruinis,

445 1839 603 1896 Indomitas
615 1837 705 1915 propri
721 1841 811 1914 qualis
825 1842 917 1900 undas

365 1915 489 1975 Exercet
502 1918 618 1990 Auster,
633 1919 782 1976 Pleiadum
796 1921 883 1978 choro
988 1950 990 1954 ⁷

365 1998 526 2054 Scindente
538 1997 639 2069 nubes,
653 1998 774 2074 impiger
788 1999 912 2056 hostium

405 2077 517 2134 Vexare
532 2089 649 2148 turmas,
663 2088 692 2134 et
706 2077 874 2136 frementem

442 2153 557 2214 Mittere
571 2173 675 2230 equum
688 2145 802 2214 medios*
811 2177 861 2232 per
874 2157 964 2232 ignes.

362 2233 416 2290 Sic
429 2234 601 2291 tauriformis
615 2234 732 2292 volvitur
747 2235 882 2310 Aufidus,

245 2279 249 2285 ι
360 2312 425 2374 Qui
445 2333 533 2388 regna
547 2313 643 2370 Dauni
657 2313 777 2388 praefluit
791 2315 909 2391 Appuli,

401 2390 502 2453 Quum
516 2393 605 2463 saevit,
620 2393 845 2468 horrendamque
859 2395 943 2454 cultis

442 2469 585 2526 Diluviem
600 2471 751 2528 meditatur
766 2473 856 2546 agris3

362 2548 401 2606 Ut
414 2547 595 2606 barbarorum
610 2549 749 2608 Claudius
761 2551 878 2628 agmina

362 2627 479 2685 Ferrata
493 2639 571 2686 vasto
584 2629 670 2688 diruit
683 2631 802 2706 impetu,

385 2749 389 2762 r
401 2707 566 2783 Primosque
578 2719 609 2766 et
621 2721 762 2767 extremos
775 2710 919 2782 metendo,

442 2787 544 2842 Stravit
558 2787 686 2858 humum,
701 2789 763 2844 sine
777 2787 858 2844 clade
872 2789 970 2862 victor,

361 2861 409 2918 Te
424 2865 530 2938 copias,
544 2874 573 2920 te
587 2865 747 2936 consilium,
762 2875 790 2921 et
801 2875 865 2922 tuos

363 2939 512 2996 Praebente
527 2941 622 2999 divos:
643 2961 720 3014 nam,
735 2942 786 3000 tibi
799 2962 855 3018 quo
868 2944 915 3002 die

402 3017 505 3076 Portus
519 3017 701 3078 Alexandrea
714 3020 832 3096 supplex

442 3095 480 3153 Et
494 3115 612 3153 vacuam
625 3099 759 3172 patefecit
773 3099 877 3170 aulam,

363 3173 493 3233 Fortuna
505 3176 594 3232 lustro
607 3193 741 3250 prospera
753 3176 838 3232 tertio

364 3255 434 3312 Belli
446 3255 588 3312 secundos
601 3253 724 3312 reddidit
737 3254 839 3326 exitus,

402 3333 588 3408 Laudemque
596 3344 628 3391 et
640 3344 767 3410 optatum
781 3334 904 3410 peractis

441 3414 572 3490 Imperiis
586 3415 674 3472 decus
688 3414 835 3491 arrogavit.

360 3492 408 3548 Te
422 3492 565 3551 Cantaber
576 3514 634 3552 non
647 3491 715 3551 ante
727 3492 886 3565 domabilis,

362 3569 532 3648 Medusque,
545 3585 575 3630 et
588 3573 687 3645 Indus,
702 3583 730 3629 te
750 3573 886 3648 profugus
900 3571 1020 3648 Scythes

401 3648 532 3722 Miratur,
545 3671 563 3710 o
577 3651 665 3708 tutela
678 3669 803 3727 praesens

441 3727 530 3786 Italiae
545 3730 722 3803 dominaeque
736 3728 856 3789 Rome:

363 3804 420 3876 Te,
435 3805 554 3867 sontium
568 3809 617 3883 qui
631 3808 706 3866 celat
718 3808 853 3884 origines,

362 3883 513 3960 Nilusque,
526 3898 555 3945 et
569 3886 651 3959 Ister,
665 3896 693 3944 te
707 3886 822 3964 rapidus
836 3887 942 3966 Tigris,
