2706 4362
496 321 701 372 savineium
718 321 785 370 cm.
803 323 824 369 1.
841 323 865 369 8.

221 461 329 541 Injussi
342 482 487 540 nunquam
501 465 649 521 desistant.
683 464 791 522 Sardus
805 464 928 522 habebut

221 541 275 600 Ille
289 543 431 620 Tigellius
445 543 508 599 hoo.
543 542 650 613 Cesar,
664 543 712 617 qui
727 561 829 618 cogere
843 553 948 618 posset,

221 623 253 678 Si
266 634 374 697 peteret
386 641 436 698 per
450 621 603 678 amicitiam
617 622 704 696 patris
718 632 801 696 atque
816 639 908 692 suam,
918 640 976 678 nou
1154 619 1174 675 ⁵

219 699 386 775 Quidquam
401 700 565 776 proliceret:
587 699 610 755 si
625 699 808 772 collibuisset,
824 699 859 756 ab
872 718 925 757 ovo

219 779 316 854 Usque
331 781 367 837 ad
382 780 456 836 mala
469 780 579 850 citaret,
601 783 618 808 “
629 776 663 835 Io
676 779 820 850 Bacche,”
836 775 922 835 modi)
937 776 1049 834 summit

219 856 312 930 Voce,
328 856 412 914 modo
428 859 482 915 hac
496 867 684 931 resonatque
698 858 812 915 chordis
825 867 945 932 quatuor
958 857 1025 934 ima.

220 936 271 993 Nil
287 937 393 1011 equale
407 936 516 994 homini
530 936 582 993 suit
596 936 655 992 illi:
676 934 750 1012 saepe
766 937 842 993 velut
854 936 902 1011 qui

221 1015 364 1072 Currebat
378 1015 490 1090 fugiens
505 1015 631 1083 hostem3
653 1012 778 1089 persaepe
793 1014 870 1072 velut
882 1015 931 1089 qui
1139 1013 1176 1070 10

222 1093 241 1149 J
244 1094 345 1151 uuonis
359 1112 439 1150 sacra
453 1094 553 1150 ferret:
576 1093 697 1150 babebat
710 1091 784 1168 saepe
799 1092 947 1165 ducentos,

223 1170 307 1248 Saepe
324 1173 423 1230 decom
435 1192 545 1229 servos:
566 1169 652 1230 modd
666 1190 748 1247 reges
762 1183 845 1246 atque
859 1171 1023 1244 tetrarchas,

222 1250 330 1307 Omnia
345 1271 448 1326 magna
461 1251 595 1325 loquens;
617 1247 713 1322 modo,
729 1255 747 1280 “
760 1251 804 1307 Sit
817 1251 887 1308 mihi
901 1269 1001 1308 mensa
1013 1249 1110 1326 tripes,
1124 1259 1154 1306 et

223 1329 344 1387 Concha
357 1331 423 1387 salis
437 1331 511 1406 puri,
525 1340 554 1386 et
567 1340 643 1404 toga,
657 1348 720 1404 quae
735 1328 889 1386 defendere
905 1330 1003 1404 frigus,

221 1409 364 1470 Quamvis
378 1429 482 1480 crassa,
497 1410 608 1483 queat.''
632 1407 738 1465 Decies
752 1420 877 1465 centena
890 1409 1018 1465 dedisses
1139 1408 1176 1464 15

224 1485 302 1544 Huic
316 1507 401 1564 parco
411 1489 511 1564 paucis
524 1499 669 1558 contento,
681 1487 804 1563 quinque
819 1485 920 1545 diebus

223 1567 274 1624 Nil
289 1577 350 1624 erat
360 1569 389 1624 iu
404 1567 520 1625 loculis:
543 1578 641 1624 noctes
655 1567 788 1641 vigilabat
802 1567 838 1624 ad
853 1567 945 1642 ipsum

225 1645 333 1714 Mane;
355 1647 431 1702 diem
445 1657 532 1703 totam
547 1645 698 1702 stertebat:
719 1645 759 1701 nil
774 1645 826 1700 fuit
840 1663 965 1720 unquam

227 1727 277 1782 Sic
291 1725 380 1798 impar
394 1724 457 1780 sibi.
492 1723 580 1779 Nunc
594 1723 694 1796 aliquis
709 1723 785 1779 dicat
798 1724 868 1779 mihi
879 1724 1006 1784 z-Quid
1020 1725 1071 1780 tul

226 1803 352 1860 Nullane
368 1803 455 1858 habes
470 1802 536 1857 vitia
545 1801 691 1856 l-lmmo
705 1800 769 1870 alia,
786 1811 815 1856 et
828 1801 945 1858 fortasse
959 1802 1077 1860 minora.
1137 1802 1177 1859 20

268 1881 392 1937 Maenius
406 1880 552 1936 absentem
566 1877 691 1936 Novium
705 1898 792 1953 quum
807 1889 935 1954 carperet
943 1899 950 1948 ;
973 1879 1084 1938 “Heus
1096 1881 1156 1952 tu,''

226 1959 356 2021 Quidam
371 1959 437 2031 ait‚’'
460 1960 573 2034 ignoras
587 1959 635 2014 tel
657 1977 693 2013 an
708 1971 739 2014 ut
754 1958 882 2033 ignotum
896 1958 963 2015 dare
977 1959 1060 2027 uobis

226 2033 321 2096 Verba
336 2050 417 2113 putas
426 2040 456 2094 l'’
499 2037 651 2112 “Egomet
665 2035 704 2094 mi
719 2037 864 2112 ignosco,”
880 2035 1005 2094 Maeuius
1019 2038 1118 2113 inquit

227 2118 339 2175 Stultus
353 2129 381 2174 et
395 2117 538 2192 improbus
554 2117 599 2172 hio
614 2135 691 2172 amor
706 2128 757 2187 est,
774 2116 933 2192 dignusque
947 2117 1045 2174 notari.

224 2195 325 2258 Quum
340 2208 388 2252 tua
402 2192 548 2271 pervideas
561 2195 652 2252 oculis
665 2195 740 2252 mala
753 2195 846 2270 lippus
860 2195 994 2269 inunctis,
1137 2196 1177 2253 25
1268 2271 1271 2277 Ι

225 2274 285 2332 Cur
299 2275 327 2333 in
343 2276 497 2332 amicorum
512 2275 585 2332 vitiis
599 2286 656 2332 tam
672 2275 765 2331 cernis
779 2270 906 2346 acutium,

223 2353 324 2415 Quam
338 2366 387 2410 aut
401 2355 503 2428 aquila,
518 2365 567 2411 aut
580 2373 697 2428 serpens
711 2353 902 2429 Epidauriusl
924 2354 965 2412 At
977 2354 1030 2414 tibi
1043 2351 1144 2412 contra

226 2431 340 2504 Evenit,
357 2434 499 2508 inquirant
512 2434 580 2489 vitia
594 2443 624 2488 ut
636 2444 685 2488 tua
698 2451 795 2489 rursus
809 2445 838 2488 et
852 2432 942 2490 illi.-

226 2510 393 2568 lracundior
408 2522 451 2569 est
464 2509 567 2586 pauld:
590 2507 686 2568 minus
699 2523 781 2586 aptus
795 2511 887 2568 acutis

225 2589 352 2648 Naribus
366 2591 466 2648 horum
482 2591 636 2647 hominum.
671 2589 774 2648 Rideri
788 2591 885 2666 possit,
899 2587 935 2649 ed
948 2587 1026 2667 quod
1137 2591 1176 2647 30

225 2667 375 2726 Rusticiirs
390 2682 471 2728 tonso
482 2681 550 2746 toga
564 2668 673 2740 defluit,
687 2681 716 2726 et
729 2667 803 2728 malit
816 2671 896 2727 laxus

226 2747 261 2805 ln
276 2750 347 2822 pede
361 2751 474 2806 calceus
489 2749 667 2806 heret-At
680 2760 723 2805 est
738 2750 839 2820 bouus,
854 2760 884 2805 ut
899 2750 997 2806 melior
1010 2748 1052 2805 vir

225 2825 294 2882 Non
309 2827 380 2882 alius
393 2828 557 2901 quisquam:
579 2837 607 2882 at
620 2827 671 2882 tibi
685 2828 810 2882 amicus:
832 2837 861 2883 at
874 2827 1022 2902 ingenium
1035 2827 1137 2901 iugens

227 2902 341 2960 Inculto
355 2903 422 2960 latet
436 2905 490 2958 boc
505 2905 558 2958 sub
572 2922 696 2976 corpore.
731 2903 863 2978 Denique
877 2915 905 2961 te
920 2905 1012 2980 ipsum

228 2981 369 3051 Concute,
384 3000 452 3037 uum
467 2999 522 3054 qua
535 2981 585 3036 tibi
600 2981 730 3037 vitiorum
746 2982 878 3040 inseverit
890 2983 959 3040 olim
1138 2983 1177 3039 35

227 3059 348 3130 Natura,
363 3059 510 3116 autetiam
525 3060 701 3116 consuetudo
714 3061 802 3117 mala:
824 3079 947 3134 namque

227 3138 377 3215 Neglectis
392 3137 500 3214 urenda
515 3137 573 3212 filii
587 3137 743 3193 innascitur
757 3137 840 3213 agria.

266 3217 341 3275 Illuc
356 3229 566 3294 praevertemur,
582 3225 735 3273 amatorem
749 3213 826 3292 qubd
841 3215 940 3272 amicae

227 3297 337 3374 Turpia
351 3297 499 3373 decipiunt
513 3314 623 3353 oaeoum
638 3295 713 3368 vitia,
729 3296 877 3354 autetiam
893 3295 952 3371 ipsa
964 3289 1029 3354 haec

227 3375 379 3435 Delectant
388 3399 395 3446 ;
417 3377 502 3434 veluti
518 3376 669 3434 Balbinum
684 3378 803 3454 polypus
818 3375 938 3452 Haguae.
1136 3376 1176 3434 40

227 3455 337 3514 Vellem
352 3458 381 3515 in
396 3457 521 3514 amicitiai
535 3457 576 3513 sio
590 3475 758 3529 erraremus,
773 3467 802 3513 et
816 3456 861 3512 isti

228 3533 324 3592 Errori
339 3556 443 3592 nomen
459 3537 545 3593 virtus
559 3536 698 3610 posuisset
711 3537 871 3594 honestum.

229 3613 279 3680 At,
294 3626 371 3689 pater
388 3625 417 3670 ut
430 3617 518 3690 gnati,
533 3616 575 3670 sic
590 3633 641 3671 nos
656 3615 792 3670 debemus
806 3614 901 3685 amici,

230 3691 261 3747 Si
276 3694 351 3766 quod
366 3693 401 3748 sit
418 3693 524 3764 vitium,
540 3712 596 3749 nou
612 3693 745 3749 fastidire.
781 3693 951 3756 Strabonem

229 3771 362 3846 Appellat
375 3782 478 3845 paetum
492 3784 590 3846 pater;
611 3783 639 3828 et
653 3771 772 3845 pullum,
789 3769 861 3830 male
876 3791 978 3849 parvus
1134 3773 1175 3830 45

229 3849 260 3909 si
275 3850 322 3907 cui
337 3849 411 3906 filius
425 3860 476 3921 est,
491 3860 522 3907 ut
535 3850 677 3907 abortivus
692 3850 743 3907 fuit
756 3851 829 3908 olim
