2756 4366
392 679 450 770 o.
490 662 768 754 nostrii
808 653 1050 757 sinccl

568 925 887 994 CARMINUM

569 1165 677 1216 LIBER¹
690 1167 883 1218 SECUNDUS.

658 1614 742 1674 ODE
763 1616 786 1673 I.

540 1750 581 1788 An
594 1751 722 1790 Asnaum
736 1752 917 1792 POLLIONEM.

392 1845 511 1908 Monuni
524 1865 560 1902 ex
573 1846 691 1904 Metello
701 1847 818 1904 consule
832 1849 965 1925 civicum,

392 1927 520 2001 Bellique
534 1943 644 1998 causas,
659 1935 689 1982 et
702 1927 778 1997 vitia,
792 1937 821 1984 ct
835 1928 943 2002 modos,

431 2005 601 2079 Ludumque
617 2003 762 2076 Fortunae,
777 2025 931 2081 gravesque

470 2084 635 2159 Principum
649 2084 798 2155 amicitias,
812 2095 841 2142 et
854 2104 933 2144 arma

389 2163 528 2221 Nondum
541 2163 659 2238 expiatis
674 2173 760 2220 uncta
773 2165 931 2239 cruoribus,

388 2243 558 2301 Periculose
572 2242 688 2317 plenum
702 2261 772 2317 opus
784 2243 863 2316 alere,

413 2319 562 2392 ‘Tractus
576 2331 604 2378 et
618 2321 728 2378 incedis
741 2341 791 2396 per
802 2322 883 2398 ignes

469 2400 634 2474 Suppositos
647 2400 738 2456 cineri
752 2401 856 2457 doloso.

388 2476 509 2536 Paulum
525 2496 629 2534 severae
643 2476 730 2534 Musa
743 2479 887 2554 tragoediae
966 2544 968 2546 ¹

389 2557 471 2614 Desit
485 2556 619 2613 theatris:
640 2575 715 2628 mox,
730 2557 779 2614 ubi
792 2558 920 2633 publicas

426 2636 488 2692 Res
501 2635 641 2693 ordinetis
644 2637 787 2713 ,grande
787 2656 891 2694 munus

469 2715 612 2805 Cecropio
622 2726 732 2790 repetes
746 2703 895 2804 cothurno,

389 2793 507 2869 Insigne
522 2794 628 2851 moestis
642 2793 805 2883 praesidium
819 2793 886 2865 reis,

388 2873 427 2928 Et
440 2872 610 2940 consulenti,
624 2870 723 2941 Pollio,
738 2871 843 2927 curiae·
836 2914 843 2941 ,
920 2930 925 2941 ,

430 2949 486 3006 Cui
500 2949 596 3005 laurus
610 2957 729 3006 aeternos
743 2949 864 3008 honores

468 3025 628 3084 Dalmatico
641 3029 750 3103 peperit
763 3031 915 3105 triumpho.

391 3106 457 3162 Jam
472 3125 550 3161 nunc
564 3107 669 3161 minaci
683 3125 828 3162 murmure
843 3124 984 3163 cornuum

389 3183 559 3257 Perstriugis
574 3200 671 3237 aures:
692 3181 763 3258 jam
763 3182 825 3237 litui
839 3192 983 3257 strepunt;

428 3262 493 3319 Jam
509 3261 600 3336 fulgor
614 3277 755 3316 armorum
758 3250 916 3336 fugaces

467 3339 571 3398 Terret
584 3358 679 3431 equos,
694 3339 875 3417 equitumque
889 3341 991 3398 vultus.

389 3421 499 3479 Audire
513 3439 631 3496 magnos
643 3419 701 3496 jam
716 3419 812 3477 videor
826 3422 915 3477 duces

388 3499 455 3558 Non
470 3502 605 3557 indecoro
618 3500 733 3574 pulvere
748 3499 886 3570 sordidos,

429 3579 468 3636 Et
481 3589 587 3635 cuncta
599 3590 736 3635 terrarum
748 3578 867 3633 subacta

469 3656 574 3714 Praeter
589 3668 713 3713 atrocem
728 3655 855 3711 animum
869 3655 994 3718 Catonis.

390 3736 475 3807 Juno,
490 3747 518 3793 et
532 3737 648 3793 deorum
662 3734 787 3808 quisquis
802 3736 917 3795 amicior

389 3814 467 3872 Afris
482 3815 572 3871 inuitat
586 3822 711 3870 cesserat
724 3812 863 3890 impotens
