<?xml version="1.0" encoding="UTF-8"?>
<!DOCTYPE html PUBLIC "-//W3C//DTD XHTML 1.0 Transitional//EN"
    "http://www.w3.org/TR/xhtml1/DTD/xhtml1-transitional.dtd">
<html xmlns="http://www.w3.org/1999/xhtml" xml:lang="en" lang="en">
 <head>
  <title>
</title>
<meta http-equiv="Content-Type" content="text/html;charset=utf-8" />
  <meta name='ocr-system' content='tesseract 3.04.00' />
  <meta name='ocr-capabilities' content='ocr_page ocr_carea ocr_par ocr_line ocrx_word'/>
</head>
<body>
  <div class='ocr_page' id='page_1' title='image "./operaacceduntcl00horagoog_0097.png"; bbox 0 0 2706 4362; ppageno 0'>
   <div class='ocr_carea' id='block_1_1' title="bbox 471 323 840 377">
    <p class='ocr_par' dir='ltr' id='par_1_1' title="bbox 471 323 840 377">
     <span class='ocr_line' id='line_1_1' title="bbox 471 323 840 377; baseline -0.008 0"><span class='ocrx_word' id='word_1_1' title='bbox 471 324 620 377; x_wconf 79' lang='lat' dir='ltr'>CARMEN</span> <span class='ocrx_word' id='word_1_2' title='bbox 638 323 840 375; x_wconf 72' lang='lat' dir='ltr'>SAECULARB.</span> 
     </span>
    </p>
   </div>
   <div class='ocr_carea' id='block_1_2' title="bbox 266 468 1057 3914">
    <p class='ocr_par' dir='ltr' id='par_1_2' title="bbox 266 468 1057 3914">
     <span class='ocr_line' id='line_1_2' title="bbox 320 468 804 546; baseline -0.01 -15"><span class='ocrx_word' id='word_1_3' title='bbox 320 470 445 534; x_wconf 81' lang='lat' dir='ltr'>Condito</span> <span class='ocrx_word' id='word_1_4' title='bbox 457 471 533 529; x_wconf 87' lang='lat' dir='ltr'>mitis</span> <span class='ocrx_word' id='word_1_5' title='bbox 546 469 733 546; x_wconf 87' lang='lat' dir='ltr'>placidusque</span> <span class='ocrx_word' id='word_1_6' title='bbox 746 468 804 527; x_wconf 88' lang='lat' dir='ltr'>telo</span> 
     </span>
     <span class='ocr_line' id='line_1_3' title="bbox 320 547 813 627; baseline -0.008 -19"><span class='ocrx_word' id='word_1_7' title='bbox 320 550 470 627; x_wconf 84' lang='lat' dir='ltr'>Supplices</span> <span class='ocrx_word' id='word_1_8' title='bbox 483 550 551 607; x_wconf 86' lang='lat' dir='ltr'>audi</span> <span class='ocrx_word' id='word_1_9' title='bbox 563 567 676 626; x_wconf 89' lang='lat' dir='ltr'>pueros,</span> <span class='ocrx_word' id='word_1_10' title='bbox 691 547 813 622; x_wconf 84' lang='lat' dir='ltr'>Apollo:</span> 
     </span>
     <span class='ocr_line' id='line_1_4' title="bbox 320 625 808 705; baseline -0.014 -15"><span class='ocrx_word' id='word_1_11' title='bbox 320 629 453 690; x_wconf 84' lang='lat' dir='ltr'>Siderum</span> <span class='ocrx_word' id='word_1_12' title='bbox 468 629 567 705; x_wconf 86' lang='lat' dir='ltr'>regine</span> <span class='ocrx_word' id='word_1_13' title='bbox 580 627 715 698; x_wconf 85' lang='lat' dir='ltr'>bicornis,</span> <span class='ocrx_word' id='word_1_14' title='bbox 730 625 808 697; x_wconf 88' lang='lat' dir='ltr'>audi,</span> 
     </span>
     <span class='ocr_line' id='line_1_5' title="bbox 556 703 781 781; baseline -0.013 -18"><span class='ocrx_word' id='word_1_15' title='bbox 556 705 651 778; x_wconf 83' lang='lat' dir='ltr'>Luna,</span> <span class='ocrx_word' id='word_1_16' title='bbox 664 703 781 781; x_wconf 80' lang='lat' dir='ltr'>puellas.</span> 
     </span>
     <span class='ocr_line' id='line_1_6' title="bbox 319 781 874 859; baseline -0.009 -15"><span class='ocrx_word' id='word_1_17' title='bbox 319 785 415 844; x_wconf 88' lang='lat' dir='ltr'>Roma</span> <span class='ocrx_word' id='word_1_18' title='bbox 428 785 452 843; x_wconf 92' lang='lat' dir='ltr'>si</span> <span class='ocrx_word' id='word_1_19' title='bbox 467 796 591 843; x_wconf 88' lang='lat' dir='ltr'>vestrum</span> <span class='ocrx_word' id='word_1_20' title='bbox 605 796 648 842; x_wconf 88' lang='lat' dir='ltr'>est</span> <span class='ocrx_word' id='word_1_21' title='bbox 661 802 743 859; x_wconf 87' lang='lat' dir='ltr'>opus,</span> <span class='ocrx_word' id='word_1_22' title='bbox 757 781 874 858; x_wconf 84' lang='lat' dir='ltr'>Iliaeque</span> 
     </span>
     <span class='ocr_line' id='line_1_7' title="bbox 319 860 836 933; baseline -0.006 -11"><span class='ocrx_word' id='word_1_23' title='bbox 319 864 412 922; x_wconf 89' lang='lat' dir='ltr'>Littus</span> <span class='ocrx_word' id='word_1_24' title='bbox 426 862 580 924; x_wconf 86' lang='lat' dir='ltr'>Etruscum</span> <span class='ocrx_word' id='word_1_25' title='bbox 593 860 713 922; x_wconf 64' lang='lat' dir='ltr'>tenuere</span> <span class='ocrx_word' id='word_1_26' title='bbox 726 872 836 933; x_wconf 73' lang='lat' dir='ltr'>turmae,</span> 
     </span>
     <span class='ocr_line' id='line_1_8' title="bbox 320 941 864 1020; baseline -0.009 -19"><span class='ocrx_word' id='word_1_27' title='bbox 320 943 339 1001; x_wconf 89' lang='lat' dir='ltr'>J</span> <span class='ocrx_word' id='word_1_28' title='bbox 340 961 405 1000; x_wconf 85' lang='lat' dir='ltr'>ussa</span> <span class='ocrx_word' id='word_1_29' title='bbox 417 961 483 1020; x_wconf 89' lang='lat' dir='ltr'>pars</span> <span class='ocrx_word' id='word_1_30' title='bbox 496 954 607 1000; x_wconf 83' lang='lat' dir='ltr'>mutare</span> <span class='ocrx_word' id='word_1_31' title='bbox 621 941 708 999; x_wconf 80' lang='lat' dir='ltr'>Lares</span> <span class='ocrx_word' id='word_1_32' title='bbox 722 951 751 998; x_wconf 84' lang='lat' dir='ltr'>et</span> <span class='ocrx_word' id='word_1_33' title='bbox 764 941 864 998; x_wconf 85' lang='lat' dir='ltr'>urbem</span> 
     </span>
     <span class='ocr_line' id='line_1_9' title="bbox 557 1021 780 1096; baseline -0.004 -19"><span class='ocrx_word' id='word_1_34' title='bbox 557 1021 670 1096; x_wconf 84' lang='lat' dir='ltr'>Sospite</span> <span class='ocrx_word' id='word_1_35' title='bbox 683 1038 780 1090; x_wconf 91' lang='lat' dir='ltr'>cursu,</span> 
     </span>
     <span class='ocr_line' id='line_1_10' title="bbox 320 1095 924 1175; baseline -0.003 -19"><span class='ocrx_word' id='word_1_36' title='bbox 320 1099 377 1156; x_wconf 88' lang='lat' dir='ltr'>Cui</span> <span class='ocrx_word' id='word_1_37' title='bbox 390 1118 440 1175; x_wconf 91' lang='lat' dir='ltr'>per</span> <span class='ocrx_word' id='word_1_38' title='bbox 454 1099 602 1157; x_wconf 79' lang='lat' dir='ltr'>ardentem</span> <span class='ocrx_word' id='word_1_39' title='bbox 617 1100 680 1156; x_wconf 88' lang='lat' dir='ltr'>siue</span> <span class='ocrx_word' id='word_1_40' title='bbox 694 1099 791 1155; x_wconf 85' lang='lat' dir='ltr'>fraude</span> <span class='ocrx_word' id='word_1_41' title='bbox 806 1095 924 1173; x_wconf 77' lang='lat' dir='ltr'>&#39;frojam</span> 
     </span>
     <span class='ocr_line' id='line_1_11' title="bbox 319 1178 835 1253; baseline -0.008 -17"><span class='ocrx_word' id='word_1_42' title='bbox 319 1179 425 1236; x_wconf 79' lang='lat' dir='ltr'><strong>Castus</strong></span> <span class='ocrx_word' id='word_1_43' title='bbox 439 1178 558 1248; x_wconf 71' lang='lat' dir='ltr'>AEnem,</span> <span class='ocrx_word' id='word_1_44' title='bbox 572 1179 669 1253; x_wconf 80' lang='lat' dir='ltr'>patriae</span> <span class='ocrx_word' id='word_1_45' title='bbox 683 1187 835 1251; x_wconf 87' lang='lat' dir='ltr'>superstes,</span> 
     </span>
     <span class='ocr_line' id='line_1_12' title="bbox 319 1255 797 1326; baseline -0.013 -10"><span class='ocrx_word' id='word_1_46' title='bbox 319 1255 455 1316; x_wconf 91' lang='lat' dir='ltr'>Liberum</span> <span class='ocrx_word' id='word_1_47' title='bbox 469 1256 589 1313; x_wconf 88' lang='lat' dir='ltr'>munivit</span> <span class='ocrx_word' id='word_1_48' title='bbox 603 1257 665 1326; x_wconf 89' lang='lat' dir='ltr'>iter,</span> <span class='ocrx_word' id='word_1_49' title='bbox 679 1256 797 1311; x_wconf 88' lang='lat' dir='ltr'>daturus</span> 
     </span>
     <span class='ocr_line' id='line_1_13' title="bbox 555 1333 777 1390; baseline 0 0"><span class='ocrx_word' id='word_1_50' title='bbox 555 1333 641 1390; x_wconf 85' lang='lat' dir='ltr'>Plure</span> <span class='ocrx_word' id='word_1_51' title='bbox 654 1333 777 1390; x_wconf 87' lang='lat' dir='ltr'>relictis:</span> 
     </span>
     <span class='ocr_line' id='line_1_14' title="bbox 319 1411 836 1490; baseline -0.006 -19"><span class='ocrx_word' id='word_1_52' title='bbox 319 1411 369 1486; x_wconf 85' lang='lat' dir='ltr'>Di,</span> <span class='ocrx_word' id='word_1_53' title='bbox 381 1413 484 1490; x_wconf 91' lang='lat' dir='ltr'>probos</span> <span class='ocrx_word' id='word_1_54' title='bbox 498 1431 590 1470; x_wconf 85' lang='lat' dir='ltr'>mores</span> <span class='ocrx_word' id='word_1_55' title='bbox 604 1411 689 1469; x_wconf 92' lang='lat' dir='ltr'>docili</span> <span class='ocrx_word' id='word_1_56' title='bbox 701 1411 836 1488; x_wconf 78' lang='lat' dir='ltr'>juventur,</span> 
     </span>
     <span class='ocr_line' id='line_1_15' title="bbox 320 1489 811 1568; baseline -0.004 -19"><span class='ocrx_word' id='word_1_57' title='bbox 320 1489 370 1565; x_wconf 84' lang='lat' dir='ltr'>Di,</span> <span class='ocrx_word' id='word_1_58' title='bbox 388 1493 529 1552; x_wconf 78' lang='lat' dir='ltr'>senectuti</span> <span class='ocrx_word' id='word_1_59' title='bbox 542 1491 662 1568; x_wconf 83' lang='lat' dir='ltr'>placidae</span> <span class='ocrx_word' id='word_1_60' title='bbox 675 1491 811 1566; x_wconf 82' lang='lat' dir='ltr'>quietem,</span> 
     </span>
     <span class='ocr_line' id='line_1_16' title="bbox 318 1569 935 1648; baseline 0.003 -19"><span class='ocrx_word' id='word_1_61' title='bbox 318 1571 453 1630; x_wconf 78' lang='lat' dir='ltr'>Romule</span> <span class='ocrx_word' id='word_1_62' title='bbox 467 1572 547 1648; x_wconf 85' lang='lat' dir='ltr'>genti</span> <span class='ocrx_word' id='word_1_63' title='bbox 561 1571 626 1628; x_wconf 87' lang='lat' dir='ltr'>date</span> <span class='ocrx_word' id='word_1_64' title='bbox 640 1589 756 1646; x_wconf 84' lang='lat' dir='ltr'>remque</span> <span class='ocrx_word' id='word_1_65' title='bbox 770 1569 935 1646; x_wconf 81' lang='lat' dir='ltr'>prolemque</span> 
     </span>
     <span class='ocr_line' id='line_1_17' title="bbox 556 1650 804 1708; baseline -0.008 0"><span class='ocrx_word' id='word_1_66' title='bbox 556 1650 594 1708; x_wconf 88' lang='lat' dir='ltr'>Et</span> <span class='ocrx_word' id='word_1_67' title='bbox 607 1651 696 1708; x_wconf 87' lang='lat' dir='ltr'>decus</span> <span class='ocrx_word' id='word_1_68' title='bbox 709 1668 804 1708; x_wconf 89' lang='lat' dir='ltr'>omne.</span> 
     </span>
     <span class='ocr_line' id='line_1_18' title="bbox 318 1728 864 1806; baseline -0.009 -16"><span class='ocrx_word' id='word_1_69' title='bbox 318 1728 451 1806; x_wconf 80' lang='lat' dir='ltr'>Queque</span> <span class='ocrx_word' id='word_1_70' title='bbox 463 1749 512 1788; x_wconf 80' lang='lat' dir='ltr'>voe</span> <span class='ocrx_word' id='word_1_71' title='bbox 525 1729 615 1786; x_wconf 85' lang='lat' dir='ltr'>bobus</span> <span class='ocrx_word' id='word_1_72' title='bbox 629 1739 779 1786; x_wconf 82' lang='lat' dir='ltr'>veneratur</span> <span class='ocrx_word' id='word_1_73' title='bbox 793 1728 864 1785; x_wconf 75' lang='lat' dir='ltr'>albis</span> 
     </span>
     <span class='ocr_line' id='line_1_19' title="bbox 320 1805 906 1883; baseline 0.005 -20"><span class='ocrx_word' id='word_1_74' title='bbox 320 1805 422 1866; x_wconf 80' lang='lat' dir='ltr'>Clarus</span> <span class='ocrx_word' id='word_1_75' title='bbox 436 1809 573 1866; x_wconf 75' lang='lat' dir='ltr'>Anchise</span> <span class='ocrx_word' id='word_1_76' title='bbox 586 1808 765 1882; x_wconf 85' lang='lat' dir='ltr'>Venerisque</span> <span class='ocrx_word' id='word_1_77' title='bbox 780 1806 906 1883; x_wconf 81' lang='lat' dir='ltr'>sanguis,</span> 
     </span>
     <span class='ocr_line' id='line_1_20' title="bbox 319 1883 859 1963; baseline 0.007 -23"><span class='ocrx_word' id='word_1_78' title='bbox 319 1883 466 1962; x_wconf 83' lang='lat' dir='ltr'>Impetret,</span> <span class='ocrx_word' id='word_1_79' title='bbox 480 1887 603 1946; x_wconf 78' lang='lat' dir='ltr'>bellante</span> <span class='ocrx_word' id='word_1_80' title='bbox 616 1888 702 1962; x_wconf 85' lang='lat' dir='ltr'>prior,</span> <span class='ocrx_word' id='word_1_81' title='bbox 713 1887 859 1963; x_wconf 83' lang='lat' dir='ltr'>jacentem</span> 
     </span>
     <span class='ocr_line' id='line_1_21' title="bbox 556 1965 821 2024; baseline 0.004 -2"><span class='ocrx_word' id='word_1_82' title='bbox 556 1965 644 2022; x_wconf 87' lang='lat' dir='ltr'>Lenis</span> <span class='ocrx_word' id='word_1_83' title='bbox 657 1967 688 2024; x_wconf 91' lang='lat' dir='ltr'>iu</span> <span class='ocrx_word' id='word_1_84' title='bbox 702 1967 821 2024; x_wconf 86' lang='lat' dir='ltr'>hostem.</span> 
     </span>
     <span class='ocr_line' id='line_1_22' title="bbox 320 2039 874 2120; baseline 0.005 -22"><span class='ocrx_word' id='word_1_85' title='bbox 320 2039 386 2099; x_wconf 82' lang='lat' dir='ltr'>Jarn</span> <span class='ocrx_word' id='word_1_86' title='bbox 400 2045 470 2101; x_wconf 87' lang='lat' dir='ltr'>mari</span> <span class='ocrx_word' id='word_1_87' title='bbox 484 2044 614 2118; x_wconf 68' lang='lat' dir='ltr'>terrisque</span> <span class='ocrx_word' id='word_1_88' title='bbox 628 2063 731 2102; x_wconf 87' lang='lat' dir='ltr'>manus</span> <span class='ocrx_word' id='word_1_89' title='bbox 743 2054 874 2120; x_wconf 87' lang='lat' dir='ltr'>potentes</span> 
     </span>
     <span class='ocr_line' id='line_1_23' title="bbox 319 2117 862 2195; baseline 0.006 -20"><span class='ocrx_word' id='word_1_90' title='bbox 319 2117 424 2178; x_wconf 87' lang='lat' dir='ltr'>Medus</span> <span class='ocrx_word' id='word_1_91' title='bbox 438 2122 621 2195; x_wconf 88' lang='lat' dir='ltr'>Albanasque</span> <span class='ocrx_word' id='word_1_92' title='bbox 635 2123 716 2180; x_wconf 89' lang='lat' dir='ltr'>timet</span> <span class='ocrx_word' id='word_1_93' title='bbox 730 2142 862 2181; x_wconf 88' lang='lat' dir='ltr'>secures:</span> 
     </span>
     <span class='ocr_line' id='line_1_24' title="bbox 266 2195 914 2276; baseline 0.012 -24"><span class='ocrx_word' id='word_1_94' title='bbox 266 2265 269 2274; x_wconf 31' lang='grc' dir='ltr'>Ι</span> <span class='ocrx_word' id='word_1_95' title='bbox 319 2195 386 2254; x_wconf 86' lang='lat' dir='ltr'>Jarn</span> <span class='ocrx_word' id='word_1_96' title='bbox 400 2199 514 2272; x_wconf 79' lang='lat' dir='ltr'>Scytbae</span> <span class='ocrx_word' id='word_1_97' title='bbox 527 2217 662 2273; x_wconf 86' lang='lat' dir='ltr'>responsa</span> <span class='ocrx_word' id='word_1_98' title='bbox 675 2211 786 2275; x_wconf 88' lang='lat' dir='ltr'>petunt,</span> <span class='ocrx_word' id='word_1_99' title='bbox 800 2200 914 2276; x_wconf 87' lang='lat' dir='ltr'>superbi</span> 
     </span>
     <span class='ocr_line' id='line_1_25' title="bbox 553 2275 795 2352; baseline 0.029 -20"><span class='ocrx_word' id='word_1_100' title='bbox 553 2275 665 2352; x_wconf 91' lang='lat' dir='ltr'>Nuper,</span> <span class='ocrx_word' id='word_1_101' title='bbox 676 2291 704 2336; x_wconf 82' lang='lat' dir='ltr'>et</span> <span class='ocrx_word' id='word_1_102' title='bbox 718 2277 795 2339; x_wconf 87' lang='lat' dir='ltr'>Indi.</span> 
     </span>
     <span class='ocr_line' id='line_1_26' title="bbox 318 2351 1057 2434; baseline 0.001 -23"><span class='ocrx_word' id='word_1_103' title='bbox 318 2351 385 2413; x_wconf 85' lang='lat' dir='ltr'>Jam</span> <span class='ocrx_word' id='word_1_104' title='bbox 398 2354 495 2427; x_wconf 86' lang='lat' dir='ltr'>Fides,</span> <span class='ocrx_word' id='word_1_105' title='bbox 509 2365 539 2413; x_wconf 86' lang='lat' dir='ltr'>et</span> <span class='ocrx_word' id='word_1_106' title='bbox 551 2354 622 2429; x_wconf 84' lang='lat' dir='ltr'>Pax,</span> <span class='ocrx_word' id='word_1_107' title='bbox 635 2370 665 2415; x_wconf 88' lang='lat' dir='ltr'>et</span> <span class='ocrx_word' id='word_1_108' title='bbox 678 2357 790 2431; x_wconf 89' lang='lat' dir='ltr'>Honor,</span> <span class='ocrx_word' id='word_1_109' title='bbox 803 2358 954 2434; x_wconf 90' lang='lat' dir='ltr'>Pudorque</span> <span class='ocrx_word' id='word_1_110' title='bbox 1045 2408 1057 2427; x_wconf 23' lang='lat' dir='ltr'>y.</span> 
     </span>
     <span class='ocr_line' id='line_1_27' title="bbox 322 2434 1047 2511; baseline 0.007 -20"><span class='ocrx_word' id='word_1_111' title='bbox 322 2435 448 2508; x_wconf 85' lang='lat' dir='ltr'>Priscus,</span> <span class='ocrx_word' id='word_1_112' title='bbox 461 2447 490 2492; x_wconf 86' lang='lat' dir='ltr'>et</span> <span class='ocrx_word' id='word_1_113' title='bbox 503 2434 635 2511; x_wconf 83' lang='lat' dir='ltr'>neglecta</span> <span class='ocrx_word' id='word_1_114' title='bbox 649 2437 741 2495; x_wconf 87' lang='lat' dir='ltr'>redire</span> <span class='ocrx_word' id='word_1_115' title='bbox 754 2438 854 2497; x_wconf 87' lang='lat' dir='ltr'>Virtus</span> <span class='ocrx_word' id='word_1_116' title='bbox 1043 2447 1047 2462; x_wconf 83' lang='lat'>¹</span> 
     </span>
     <span class='ocr_line' id='line_1_28' title="bbox 319 2515 822 2592; baseline 0.004 -19"><span class='ocrx_word' id='word_1_117' title='bbox 319 2515 418 2573; x_wconf 87' lang='lat' dir='ltr'>Audet</span> <span class='ocrx_word' id='word_1_118' title='bbox 426 2535 434 2586; x_wconf 93' lang='lat'>;</span> <span class='ocrx_word' id='word_1_119' title='bbox 456 2525 627 2590; x_wconf 82' lang='lat' dir='ltr'>apparetque</span> <span class='ocrx_word' id='word_1_120' title='bbox 642 2517 725 2574; x_wconf 80' lang='lat' dir='ltr'>beate</span> <span class='ocrx_word' id='word_1_121' title='bbox 738 2517 822 2592; x_wconf 89' lang='lat' dir='ltr'>pleno</span> 
     </span>
     <span class='ocr_line' id='line_1_29' title="bbox 557 2594 762 2668; baseline 0.01 -18"><span class='ocrx_word' id='word_1_122' title='bbox 557 2594 650 2668; x_wconf 86' lang='lat' dir='ltr'>Copia</span> <span class='ocrx_word' id='word_1_123' title='bbox 663 2613 762 2652; x_wconf 89' lang='lat' dir='ltr'>cornu.</span> 
     </span>
     <span class='ocr_line' id='line_1_30' title="bbox 318 2669 820 2747; baseline 0.002 -18"><span class='ocrx_word' id='word_1_124' title='bbox 318 2672 421 2747; x_wconf 83' lang='lat' dir='ltr'>Augur</span> <span class='ocrx_word' id='word_1_125' title='bbox 435 2681 464 2728; x_wconf 92' lang='lat' dir='ltr'>et</span> <span class='ocrx_word' id='word_1_126' title='bbox 478 2669 602 2747; x_wconf 83' lang='lat' dir='ltr'>fulgente</span> <span class='ocrx_word' id='word_1_127' title='bbox 616 2673 739 2730; x_wconf 88' lang='lat' dir='ltr'>decorus</span> <span class='ocrx_word' id='word_1_128' title='bbox 752 2690 820 2730; x_wconf 83' lang='lat' dir='ltr'>arcu</span> 
     </span>
     <span class='ocr_line' id='line_1_31' title="bbox 319 2750 944 2826; baseline 0 -18"><span class='ocrx_word' id='word_1_129' title='bbox 319 2750 455 2822; x_wconf 80' lang='lat' dir='ltr'>Pnoebus,</span> <span class='ocrx_word' id='word_1_130' title='bbox 469 2760 658 2826; x_wconf 88' lang='lat' dir='ltr'>acceptusque</span> <span class='ocrx_word' id='word_1_131' title='bbox 672 2770 773 2808; x_wconf 87' lang='lat' dir='ltr'>novem</span> <span class='ocrx_word' id='word_1_132' title='bbox 787 2751 944 2824; x_wconf 82' lang='lat' dir='ltr'>Cemoeuis,</span> 
     </span>
     <span class='ocr_line' id='line_1_32' title="bbox 317 2829 775 2892; baseline 0.007 -7"><span class='ocrx_word' id='word_1_133' title='bbox 317 2830 380 2892; x_wconf 81' lang='lat' dir='ltr'>Qui</span> <span class='ocrx_word' id='word_1_134' title='bbox 394 2829 510 2886; x_wconf 78' lang='lat' dir='ltr'>salutari</span> <span class='ocrx_word' id='word_1_135' title='bbox 524 2829 599 2887; x_wconf 87' lang='lat' dir='ltr'>levat</span> <span class='ocrx_word' id='word_1_136' title='bbox 613 2841 672 2887; x_wconf 83' lang='lat' dir='ltr'>arte</span> <span class='ocrx_word' id='word_1_137' title='bbox 687 2829 775 2888; x_wconf 87' lang='lat' dir='ltr'>sessos</span> 
     </span>
     <span class='ocr_line' id='line_1_33' title="bbox 556 2907 790 2984; baseline 0 -18"><span class='ocrx_word' id='word_1_138' title='bbox 556 2907 690 2984; x_wconf 87' lang='lat' dir='ltr'>Corporis</span> <span class='ocrx_word' id='word_1_139' title='bbox 703 2919 790 2982; x_wconf 87' lang='lat' dir='ltr'>artus,</span> 
     </span>
     <span class='ocr_line' id='line_1_34' title="bbox 320 2987 871 3063; baseline 0 -17"><span class='ocrx_word' id='word_1_140' title='bbox 320 2989 352 3046; x_wconf 85' lang='lat' dir='ltr'>Si</span> <span class='ocrx_word' id='word_1_141' title='bbox 365 2987 508 3046; x_wconf 77' lang='lat' dir='ltr'>Palatinas</span> <span class='ocrx_word' id='word_1_142' title='bbox 522 2987 598 3046; x_wconf 88' lang='lat' dir='ltr'>videt</span> <span class='ocrx_word' id='word_1_143' title='bbox 611 3007 709 3063; x_wconf 86' lang='lat' dir='ltr'>aequus</span> <span class='ocrx_word' id='word_1_144' title='bbox 723 3008 786 3046; x_wconf 85' lang='lat' dir='ltr'>aras</span> <span class='ocrx_word' id='word_1_145' title='bbox 794 3009 802 3058; x_wconf 91' lang='lat'>;</span> <span class='ocrx_word' id='word_1_146' title='bbox 867 3011 871 3018; x_wconf 90' lang='lat'><em>·</em></span> 
     </span>
     <span class='ocr_line' id='line_1_35' title="bbox 319 3066 894 3143; baseline 0.002 -18"><span class='ocrx_word' id='word_1_147' title='bbox 319 3067 453 3143; x_wconf 86' lang='lat' dir='ltr'>Remque</span> <span class='ocrx_word' id='word_1_148' title='bbox 467 3066 629 3125; x_wconf 86' lang='lat' dir='ltr'>Romanam</span> <span class='ocrx_word' id='word_1_149' title='bbox 643 3067 813 3143; x_wconf 86' lang='lat' dir='ltr'>Latiumque</span> <span class='ocrx_word' id='word_1_150' title='bbox 827 3067 894 3126; x_wconf 77' lang='lat' dir='ltr'>felix</span> 
     </span>
     <span class='ocr_line' id='line_1_36' title="bbox 320 3145 926 3224; baseline 0.005 -21"><span class='ocrx_word' id='word_1_151' title='bbox 320 3146 452 3204; x_wconf 86' lang='lat' dir='ltr'>Alterum</span> <span class='ocrx_word' id='word_1_152' title='bbox 466 3145 497 3204; x_wconf 90' lang='lat' dir='ltr'>in</span> <span class='ocrx_word' id='word_1_153' title='bbox 510 3145 629 3204; x_wconf 84' lang='lat' dir='ltr'>lustrum</span> <span class='ocrx_word' id='word_1_154' title='bbox 643 3147 800 3223; x_wconf 79' lang='lat' dir='ltr'>meliusque</span> <span class='ocrx_word' id='word_1_155' title='bbox 814 3166 926 3224; x_wconf 86' lang='lat' dir='ltr'>semper</span> 
     </span>
     <span class='ocr_line' id='line_1_37' title="bbox 555 3224 806 3302; baseline 0.004 -20"><span class='ocrx_word' id='word_1_156' title='bbox 555 3224 691 3302; x_wconf 85' lang='lat' dir='ltr'>Proroget</span> <span class='ocrx_word' id='word_1_157' title='bbox 705 3245 806 3283; x_wconf 86' lang='lat' dir='ltr'>aevurn.</span> 
     </span>
     <span class='ocr_line' id='line_1_38' title="bbox 320 3303 953 3381; baseline 0.003 -21"><span class='ocrx_word' id='word_1_158' title='bbox 320 3303 453 3379; x_wconf 76' lang='lat' dir='ltr'>Quoeque</span> <span class='ocrx_word' id='word_1_159' title='bbox 468 3304 643 3363; x_wconf 87' lang='lat' dir='ltr'>Aventinum</span> <span class='ocrx_word' id='word_1_160' title='bbox 657 3314 736 3363; x_wconf 86' lang='lat' dir='ltr'>tenet</span> <span class='ocrx_word' id='word_1_161' title='bbox 750 3304 953 3381; x_wconf 85' lang='lat' dir='ltr'>Algidumque,</span> 
     </span>
     <span class='ocr_line' id='line_1_39' title="bbox 319 3381 943 3458; baseline 0.006 -20"><span class='ocrx_word' id='word_1_162' title='bbox 319 3382 497 3445; x_wconf 79' lang='lat' dir='ltr'>Quindecim</span> <span class='ocrx_word' id='word_1_163' title='bbox 510 3381 604 3440; x_wconf 87' lang='lat' dir='ltr'>Diana</span> <span class='ocrx_word' id='word_1_164' title='bbox 616 3401 716 3458; x_wconf 85' lang='lat' dir='ltr'>preces</span> <span class='ocrx_word' id='word_1_165' title='bbox 730 3384 854 3442; x_wconf 87' lang='lat' dir='ltr'>virorum</span> <span class='ocrx_word' id='word_1_166' title='bbox 940 3389 943 3398; x_wconf 68' lang='lat'><strong><em>¹</em></strong></span> 
     </span>
     <span class='ocr_line' id='line_1_40' title="bbox 321 3460 835 3538; baseline -0.002 -16"><span class='ocrx_word' id='word_1_167' title='bbox 321 3460 420 3533; x_wconf 83' lang='lat' dir='ltr'>Curet,</span> <span class='ocrx_word' id='word_1_168' title='bbox 434 3472 463 3520; x_wconf 86' lang='lat' dir='ltr'>et</span> <span class='ocrx_word' id='word_1_169' title='bbox 476 3462 548 3520; x_wconf 83' lang='lat' dir='ltr'>votis</span> <span class='ocrx_word' id='word_1_170' title='bbox 560 3481 712 3538; x_wconf 88' lang='lat' dir='ltr'>puerorum</span> <span class='ocrx_word' id='word_1_171' title='bbox 726 3463 835 3522; x_wconf 85' lang='lat' dir='ltr'>emicas</span> 
     </span>
     <span class='ocr_line' id='line_1_41' title="bbox 557 3541 796 3616; baseline 0.013 -19"><span class='ocrx_word' id='word_1_172' title='bbox 557 3541 692 3616; x_wconf 87' lang='lat' dir='ltr'>Applicet</span> <span class='ocrx_word' id='word_1_173' title='bbox 705 3561 796 3600; x_wconf 83' lang='lat' dir='ltr'>aures.</span> 
     </span>
     <span class='ocr_line' id='line_1_42' title="bbox 321 3615 901 3696; baseline 0.007 -22"><span class='ocrx_word' id='word_1_174' title='bbox 321 3615 396 3674; x_wconf 83' lang='lat' dir='ltr'>Hoec</span> <span class='ocrx_word' id='word_1_175' title='bbox 410 3615 510 3674; x_wconf 87' lang='lat' dir='ltr'>Jovem</span> <span class='ocrx_word' id='word_1_176' title='bbox 524 3621 628 3678; x_wconf 82' lang='lat' dir='ltr'>sentire</span> <span class='ocrx_word' id='word_1_177' title='bbox 643 3620 767 3696; x_wconf 88' lang='lat' dir='ltr'>deosque</span> <span class='ocrx_word' id='word_1_178' title='bbox 781 3631 901 3678; x_wconf 88' lang='lat' dir='ltr'>cunctos</span> 
     </span>
     <span class='ocr_line' id='line_1_43' title="bbox 322 3693 965 3776; baseline 0.012 -26"><span class='ocrx_word' id='word_1_179' title='bbox 322 3693 409 3768; x_wconf 85' lang='lat' dir='ltr'>Spem</span> <span class='ocrx_word' id='word_1_180' title='bbox 423 3695 527 3755; x_wconf 87' lang='lat' dir='ltr'>bonam</span> <span class='ocrx_word' id='word_1_181' title='bbox 540 3710 701 3773; x_wconf 85' lang='lat' dir='ltr'>certamque</span> <span class='ocrx_word' id='word_1_182' title='bbox 716 3700 831 3757; x_wconf 90' lang='lat' dir='ltr'>domum</span> <span class='ocrx_word' id='word_1_183' title='bbox 843 3710 965 3776; x_wconf 85' lang='lat' dir='ltr'>reporto,</span> 
     </span>
     <span class='ocr_line' id='line_1_44' title="bbox 321 3771 861 3850; baseline 0.009 -21"><span class='ocrx_word' id='word_1_184' title='bbox 321 3771 432 3829; x_wconf 89' lang='lat' dir='ltr'>Doctus</span> <span class='ocrx_word' id='word_1_185' title='bbox 444 3784 474 3830; x_wconf 90' lang='lat' dir='ltr'>et</span> <span class='ocrx_word' id='word_1_186' title='bbox 486 3773 587 3834; x_wconf 84' lang='lat' dir='ltr'>Pboebi</span> <span class='ocrx_word' id='word_1_187' title='bbox 600 3776 704 3850; x_wconf 86' lang='lat' dir='ltr'>chorus</span> <span class='ocrx_word' id='word_1_188' title='bbox 718 3788 747 3835; x_wconf 89' lang='lat' dir='ltr'>et</span> <span class='ocrx_word' id='word_1_189' title='bbox 759 3776 861 3834; x_wconf 84' lang='lat' dir='ltr'>Dianae</span> 
     </span>
     <span class='ocr_line' id='line_1_45' title="bbox 556 3852 782 3914; baseline 0.018 -4"><span class='ocrx_word' id='word_1_190' title='bbox 556 3852 661 3912; x_wconf 86' lang='lat' dir='ltr'>Dicere</span> <span class='ocrx_word' id='word_1_191' title='bbox 675 3855 782 3914; x_wconf 87' lang='lat' dir='ltr'>laudes.</span> 
     </span>
    </p>
   </div>
   <div class='ocr_carea' id='block_1_3' title="bbox 0 0 1360 4362">
    <p class='ocr_par' dir='ltr' id='par_1_3' title="bbox 0 0 1360 4362">
     <span class='ocr_line' id='line_1_46' title="bbox 0 0 1360 4362; baseline 0 0"><span class='ocrx_word' id='word_1_192' title='bbox 0 0 1360 4362; x_wconf 95' lang='lat' dir='ltr'> </span> 
     </span>
    </p>
   </div>
  </div>
 </body>
</html>
