2706 4362
524 291 729 345 SATIRARUM
745 293 812 344 LlB.
831 295 866 346 11.
884 298 908 344 8.

262 426 400 489 Heredes
414 431 537 492 voluitl”
573 435 710 497 “Quoad
724 434 801 508 vixit,
815 437 937 495 credidit
951 437 1053 529 ingens

262 506 429 584 Pauperiem
444 511 552 578 vitium.
566 524 595 572 et
608 515 682 572 cavit
696 513 766 572 nihil
781 512 891 586 acribs3
912 527 954 589 ut,
968 537 992 574 ει

261 585 346 644 Forte
361 586 456 646 mimis
469 590 596 666 locuples
609 612 667 651 uno
680 593 836 668 quadrante
850 593 978 669 perisset,
1130 595 1145 626 ⁸

260 662 325 740 Ipse
340 666 481 728 videretur
495 670 548 728 sibi
562 671 698 747 nequior:
719 673 812 730 omnis
826 673 903 730 enim
917 693 971 746 res,

259 742 367 818 Virtus,
380 747 464 819 fama,
479 749 577 821 decus,
592 751 687 824 diviua
700 751 890 827 humanaque,
904 751 1030 828 pulchris
1168 757 1208 814 95

259 821 373 881 Divitiis
387 836 503 900 parent;
524 847 594 902 quas
607 829 655 906 qui
670 831 849 902 contraxerit,
864 832 912 888 ille

258 900 361 958 Clarus
371 904 435 976 erit,
445 904 532 978 sortis,
541 906 661 983 justus'’
704 909 927 984 “Sapiensnel’'
949 913 967 940 “
977 909 1085 982 Etiam3
1107 923 1136 970 et
1145 931 1205 986 rex,

258 977 296 1036 Et
310 980 447 1058 quidquid
462 985 544 1042 volet.
579 985 655 1059 Hoc,
670 987 753 1057 veluti
770 988 870 1046 virtute
884 1000 1021 1064 paratum,
1043 1035 1050 1050 .

259 1059 389 1133 Speravit
403 1081 514 1139 magnae
528 1063 606 1122 laudi
621 1067 687 1123 lore.
721 1066 803 1128 ttuid
815 1067 906 1123 simile
921 1067 967 1125 isti

258 1136 376 1196 Graecus
391 1141 562 1218 Aristippus,
577 1145 624 1219 qui
640 1165 734 1208 servos
747 1145 884 1220 projicere
898 1163 999 1203 aurum
1150 1149 1206 1206 100

257 1214 293 1276 Iu
307 1219 402 1276 medii
412 1220 496 1296 jussit
509 1221 610 1298 Libyci,
625 1225 693 1298 quia-
705 1221 813 1281 tardius
827 1224 901 1282 irent

256 1294 372 1372 Propter
386 1318 459 1356 onus
472 1303 595 1377 segnesl
617 1313 678 1360 uter
692 1314 735 1360 est
748 1302 874 1360 insanior
888 1303 988 1360 horum
995 1304 1016 1360 l'

256 1375 332 1434 “Nil
347 1377 405 1452 agit
418 1381 578 1456 exemplum
593 1381 672 1439 litem
686 1383 761 1458 quod
774 1380 823 1438 lite
834 1380 977 1440 resolvit.”

256 1456 318 1513 “Si
332 1457 394 1532 quis
407 1469 483 1516 emat
497 1459 630 1532 citharas,
644 1472 753 1536 emptas
767 1471 923 1536 comportet
934 1461 964 1518 in
985 1480 1085 1532 unum,

255 1531 322 1590 Nec
336 1536 429 1594 studio
441 1537 567 1611 citharae,
579 1559 634 1596 uec
648 1537 741 1596 Musae
756 1540 869 1596 deditus
880 1540 944 1608 ulli;
1005 1601 1008 1608 ,
1147 1539 1204 1598 105

256 1613 289 1668 Si
302 1613 412 1689 scalpra
424 1625 454 1671 et
468 1615 580 1688 formas,
594 1637 652 1674 non
667 1630 758 1687 sutor;
780 1619 896 1676 nautica
907 1618 977 1690 vela,

256 1691 383 1748 Aversus
396 1696 579 1763 mercaturis3
601 1695 708 1753 delirus
721 1707 750 1752 et
764 1714 863 1751 amens

255 1765 389 1843 Undique
403 1771 513 1828 dicatur
528 1770 637 1830 meritd.
667 1771 731 1834 Qui
744 1773 887 1848 discrepet
900 1772 971 1846 istis,

255 1845 318 1907 Qui
333 1866 463 1906 nummos
477 1867 632 1926 aurumque
646 1851 785 1922 recondit,
799 1851 914 1908 nescius
927 1850 969 1908 uti

256 1924 437 2001 Compositis,
454 1939 639 2004 metuensque
653 1929 728 1987 velut
739 1928 905 2005 contingere
920 1931 1053 1986 sacruml
1148 1931 1204 1989 110

256 2003 288 2060 si
302 2006 366 2079 quis
387 2006 422 2062 ad
438 2007 585 2084 ingentem
600 2009 734 2066 frumenti
749 2025 860 2082 semper
874 2026 1006 2064 acervum

254 2081 406 2141 Porrectus
418 2085 514 2162 vigilet
525 2105 590 2144 cum
605 2087 692 2164 longo
706 2087 795 2160 suste,
818 2104 910 2161 neque
925 2087 1005 2146 illinc

253 2162 369 2220 Audeat
379 2165 507 2223 esuriens
521 2166 653 2224 dominus
667 2166 833 2242 contingere
847 2184 977 2243 granum,

252 2241 299 2298 Ac
312 2239 406 2320 potiris
420 2243 494 2303 soliis
503 2264 607 2321 parcus
621 2257 750 2303 vescatur
764 2247 885 2314 amaris3

253 2320 294 2390 Si,
308 2321 405 2396 positis
418 2322 495 2382 intus
510 2323 576 2381 Chii
591 2323 748 2399 veterisque
762 2323 877 2382 Falerni
1144 2326 1200 2384 115

252 2396 333 2456 Mille
347 2400 427 2457 cadis
442 2444 485 2458 ...
500 2402 571 2460 nihil
585 2413 646 2460 est.
660 2445 684 2460 ..
699 2412 858 2460 tercentum
873 2403 1008 2473 millibus,
1024 2421 1088 2460 acre

251 2475 333 2543 Petet
347 2489 477 2548 acetum;
499 2499 562 2556 age,
574 2481 597 2538 si
611 2492 640 2537 et
653 2481 817 2538 stramentis
829 2481 957 2553 incubet,
972 2480 1059 2538 unde·

249 2557 395 2632 octoginta
409 2577 498 2616 annos
512 2570 605 2630 natus,
619 2559 666 2616 cui
680 2558 806 2635 stragula
820 2559 913 2632 vestis,

250 2633 405 2694 Blattarum
423 2655 457 2694 ac
470 2637 612 2696 tinearum
625 2639 726 2714 epulae,
741 2649 886 2715 putrescat
900 2639 929 2698 in
944 2638 1027 2696 ucri:

249 2711 395 2772 Nimirum
408 2715 525 2774 insanus
538 2716 637 2792 paucis
652 2717 788 2788 videatur,
802 2715 839 2774 ed
852 2715 930 2792 qubd
1143 2713 1200 2773 120

250 2789 378 2849 Maxima
390 2813 454 2869 pars
469 2795 616 2852 hominum
630 2797 730 2851 morbo
741 2795 863 2869 jactatur
877 2796 987 2852 eodem.

250 2868 341 2926 Filius
356 2873 501 2928 autetiam
516 2873 579 2928 lraec
593 2871 710 2928 libertus
724 2884 755 2928 ut
768 2874 864 2931 ebibat
878 2873 977 2944 haeres,

250 2946 304 3004 Dis
319 2947 434 3006 inimice
449 2967 537 3006 senex
551 2950 696 3007 custodisl
717 2969 754 3006 ne
768 2951 819 3008 tibi
833 2951 927 3008 desitl

151 3067 154 3072 ·
249 3025 430 3087 Quantulum
445 3026 522 3084 enim
536 3045 654 3084 summae
668 3028 788 3085 curtabit
803 3031 920 3104 quisque
935 3028 1054 3098 dierum,

250 3103 364 3183 Ungere
379 3105 403 3164 si
418 3105 514 3163 caules
527 3105 591 3164 oleo
604 3105 729 3177 meliore,
744 3119 884 3182 caputque
1143 3105 1199 3162 125

249 3185 379 3262 Coeperis
393 3184 507 3262 impetui
522 3184 629 3242 foedum
642 3185 804 3262 porriginel
838 3185 948 3255 Quare,

248 3265 280 3322 si
294 3264 404 3341 quidvis
418 3261 487 3324 satis
500 3276 553 3337 est,
567 3263 703 3340 perjuras,
718 3263 844 3342 surripis,
860 3262 953 3320 aufers

247 3343 399 3422 Undiquel
419 3345 479 3404 tun'
495 3345 602 3404 sanusl
637 3343 777 3420 Populum
791 3344 815 3402 si
828 3344 940 3402 caedere
954 3340 1027 3399 saxis

248 3422 383 3500 Incipias,
398 3443 547 3504 servosque
561 3435 610 3482 tuo
623 3443 693 3502 quos
707 3443 762 3482 aere
776 3423 893 3502 partiris,

248 3500 386 3560 Insanum
396 3515 425 3560 te
438 3523 538 3563 omnes
552 3505 633 3582 pueri
643 3504 822 3579 clamentque
835 3501 953 3579 puellae:
1141 3506 1197 3564 130

247 3579 348 3640 Quum
363 3581 463 3657 laqueo
476 3602 594 3642 uxorem
608 3582 747 3640 interimis
761 3593 936 3656 matremque
951 3599 1070 3657 veneno,

247 3655 390 3720 Incolumi
403 3661 495 3738 capite
510 3664 560 3720 esl
592 3662 675 3723 Quid
688 3662 785 3718 eniml
806 3676 898 3737 neque
912 3672 943 3719 tu
957 3661 1011 3718 hoc
1024 3660 1095 3721 sacis

329 3738 371 3795 Ar
393 3739 426 3811 is,

247 3815 277 3876 N
279 3836 314 3876 ec
327 3758 411 3890 lerrgo,
426 3829 457 3876 ut
470 3819 588 3878 demens
601 3818 769 3896 genitricem
784 3819 890 3878 occidit
902 3819 1027 3880 Orestes.
