2706 4362
188 351 244 412 152
510 351 542 409 Q.
561 347 706 420 nonani
724 347 847 401 amosi

227 495 258 551 si
272 503 367 570 posset
380 504 497 552 centum
511 513 606 553 scenae
620 495 745 571 praebere
760 505 884 574 rogatus,

226 578 244 602 “
253 573 316 635 Qut
327 592 441 649 possum
452 584 493 630 tot
500 575 530 630 l'’
547 573 602 631 ait:
622 579 640 604 “
650 584 746 631 tamen
757 585 785 630 ct
795 591 930 648 quaerem,
941 583 970 632 et
983 585 1051 650 quot
1061 576 1173 637 habebo

227 649 368 708 Mittam.”
410 649 479 709 Pdst
492 650 577 728 pauld
592 653 690 710 scribit
704 653 758 708 sibi
773 651 860 708 millia
874 653 999 728 quinque

227 729 299 786 Esse
314 730 390 786 domi
404 731 606 806 chlamydum3
626 742 746 806 partem,
762 730 805 786 vel
819 730 929 788 tolleret
942 750 1049 790 omnes.

226 806 316 865 Exilis
330 810 430 866 domus
444 821 496 881 est,
511 809 559 866 ubi
574 829 631 866 non
645 820 674 866 et
688 809 777 866 multa
790 820 952 883 supersunt,
1130 813 1171 871 45

225 887 263 944 Et
277 888 423 944 dominum
439 889 549 959 fallunt,
563 899 592 945 ct
604 899 723 963 prosunt
737 887 853 945 furibus.
896 887 982 965 Ergo,

226 966 258 1022 Si
274 986 318 1022 res
333 966 392 1024 sola
405 979 497 1041 potest
511 966 606 1023 facere
619 977 648 1024 ct
661 985 773 1024 servare
788 967 912 1039 beatum,

225 1045 290 1100 Hoc
304 1045 411 1119 primus
425 1056 535 1120 repetas
548 1064 628 1120 opus,
642 1047 697 1102 hoc
710 1056 869 1121 postremus
881 1045 1001 1103 omittas.

226 1125 257 1179 Si
272 1124 444 1180 fortunatum
459 1124 569 1199 species
582 1135 611 1181 et
625 1123 715 1199 gratia
728 1134 851 1198 praestat,

224 1200 386 1258 Mercemur
400 1221 511 1258 servum
526 1203 573 1278 qui
588 1203 676 1259 dictet
689 1202 814 1273 nomina,
829 1203 930 1258 laevum
1038 1243 1040 1248 -
1127 1205 1167 1262 50

222 1281 284 1340 Qui
300 1281 403 1337 fodicet
416 1281 498 1352 latus,
513 1293 541 1338 et
554 1293 637 1356 cogat
650 1291 727 1336 trans
740 1281 866 1355 pondere
879 1282 1005 1339 dextram

223 1359 385 1434 Porrigere:
407 1363 425 1389 “
441 1360 499 1415 Hic
512 1357 631 1416 multdm
647 1360 677 1416 in
691 1358 781 1416 Fabit
797 1360 878 1430 valet,
893 1360 939 1416 ille
952 1360 1072 1418 Veline:

223 1438 349 1494 Cuilibet
363 1436 410 1493 hic
424 1438 515 1494 fasces
528 1437 606 1494 dabit
614 1457 621 1506 ;
643 1438 798 1513 eripietque
812 1439 922 1511 curule,

222 1517 278 1571 Cui
293 1517 374 1586 volet,
389 1517 574 1592 importunus,
588 1516 675 1573 ebur:
697 1515 832 1589 ‘Frater,’
853 1523 860 1546 ‘
876 1517 977 1589 Pater,'
993 1519 1081 1588 adde;

223 1595 260 1650 Ut
275 1594 377 1669 cuique
391 1606 433 1652 est
448 1606 524 1667 aetas,
540 1596 579 1653 ita
591 1614 730 1670 quemque
742 1596 851 1652 facetus
865 1597 993 1672 adopta.''
1126 1599 1165 1656 55

223 1674 264 1744 Si,
280 1674 352 1730 bene
365 1675 413 1748 qui
428 1685 531 1746 coenat,
548 1675 619 1730 bene
634 1675 713 1743 vivit3
734 1675 821 1746 lucet,
836 1694 934 1732 eamus

221 1750 291 1812 Qut
307 1753 386 1808 ducit
399 1754 481 1828 gula:
503 1753 655 1829 piscemur,
670 1772 821 1823 venemur;
843 1765 875 1810 ut
887 1755 955 1811 olim

221 1831 374 1906 Gargilius,
388 1832 435 1906 qui
449 1830 534 1889 mand
549 1832 655 1908 plagas,
670 1832 817 1903 venabula,
832 1851 936 1905 servos,

222 1909 372 1966 Differtum
386 1913 505 1968 transire
519 1913 608 1968 sorum
623 1912 812 1986 populumque
823 1912 947 1985 jubebat,

222 1987 303 2044 Unus
317 2001 347 2046 ut
360 2008 377 2044 e
391 1991 496 2061 multis,
509 1990 613 2064 populo
627 2002 783 2064 spectante,
797 1990 914 2048 referret
1125 1992 1164 2051 6⁰

221 2065 355 2141 Emptum
371 2068 463 2124 mulus
478 2087 584 2143 aprum.
627 2069 717 2126 Crudi
730 2069 886 2143 tumidique
899 2070 1035 2141 lavemur,

220 2145 302 2204 Quid
317 2146 426 2217 deceat,
441 2148 508 2222 quid
523 2166 589 2217 non,
604 2147 693 2218 obliti,
708 2147 811 2204 Caerite
826 2149 892 2206 certi

222 2222 321 2296 Digni,
336 2225 486 2298 remigium
502 2224 632 2281 vitiosum
647 2225 807 2282 Ithacensis
821 2225 941 2302 Ulyssei,

221 2300 277 2356 Cui
291 2301 381 2375 potior
394 2303 484 2377 patrib
499 2302 551 2358 tuit
565 2303 715 2360 interdicta
728 2305 862 2379 voluptas

221 2379 263 2449 Si,
278 2378 468 2437 Mimnermus
482 2378 523 2437 utl
538 2393 646 2454 censet,
661 2383 723 2439 sine
738 2402 833 2441 amore
844 2384 971 2460 jocisque
1122 2385 1162 2444 65

220 2455 270 2514 Nil
285 2469 326 2516 est
337 2459 512 2535 jucundum3
534 2461 609 2517 vivas
623 2461 652 2518 in
667 2481 761 2520 amore
772 2463 908 2538 jocisque.
995 2491 999 2497 ·

259 2537 341 2610 Vive,
355 2538 429 2595 vale:
452 2541 475 2595 si
489 2540 555 2614 quid
570 2541 672 2599 novisti
685 2543 790 2598 rectius
804 2542 873 2614 istis,

220 2614 367 2672 Candidus
382 2618 492 2692 imperti
504 2638 510 2687 ;
533 2619 556 2674 si
570 2638 638 2692 non,
652 2620 696 2677 his
709 2631 789 2676 utere
803 2639 923 2677 mecum.

524 2935 725 2994 nrrsrom
745 2936 813 3008 vn.

538 3073 578 3110 An
593 3068 798 3112 mmanA'rutt.

215 3175 362 3238 QUINQue
377 3175 438 3231 dies
451 3174 503 3231 tibi
516 3175 657 3249 pollicitus
671 3193 716 3231 me
730 3194 794 3232 rure
809 3175 942 3246 futurum,

218 3255 352 3310 Sextilem
367 3263 456 3310 totum
470 3253 593 3309 mendax
606 3253 756 3311 desideror.
800 3253 897 3329 Atqui,

218 3333 249 3388 Si
263 3351 308 3388 me
323 3331 414 3388 vivere
429 3331 479 3402 vis,
494 3328 628 3404 recteque
642 3332 736 3387 videre
751 3331 899 3404 valentem,

216 3409 312 3468 Quam
327 3410 396 3466 milri
410 3410 461 3466 das
476 3427 558 3484 aegro,
573 3409 653 3465 dabis
668 3420 802 3483 aegrotare
816 3412 936 3483 timenti,

216 3483 371 3559 Maecenas,
385 3489 512 3556 veniam3
534 3488 600 3543 dum
617 3486 688 3542 licus
700 3487 791 3562 prima
804 3492 935 3564 calorque
1140 3489 1161 3546 5

216 3562 433 3638 Designatorem
449 3566 565 3622 decorat
578 3565 724 3622 lictoribus
738 3567 819 3636 atris;

216 3639 292 3695 Dum
306 3644 401 3715 pueris
414 3643 506 3699 ombis
519 3655 597 3719 pater
610 3655 639 3702 et
653 3645 808 3702 matercula
820 3647 924 3720 pallet;

216 3715 407 3794 Officiosaque
421 3721 555 3776 sedulitas
568 3733 597 3779 et
609 3724 701 3796 opella
714 3723 832 3780 forensis

216 3791 344 3848 Adducit
358 3795 449 3850 febres
462 3808 491 3852 et
503 3808 672 3857 testamenta
685 3800 817 3874 resignat.

215 3866 306 3927 Quod
320 3869 343 3924 si
358 3869 456 3925 bruma
470 3873 549 3928 nives
562 3876 683 3933 Albania
696 3878 786 3935 illinet
800 3879 884 3954 egris,
1124 3879 1163 3939 10
