2706 4362
383 669 431 762 o.
472 668 750 744 nonnum
791 671 1033 748 snrccr

470 915 663 981 CARMEN
686 918 948 984 SAECULARE.

494 1403 535 1446 An
549 1406 722 1446 ssommmr
736 1408 775 1446 us
789 1407 917 1447 nisurus.
1004 1443 1016 1460 ,,

369 1506 496 1580 annu,
510 1507 699 1582 silvarumque
712 1519 814 1584 potens
827 1506 932 1583 Diana,

369 1586 513 1644 Lucidum
527 1587 593 1666 coeli
607 1586 708 1658 decus,
722 1608 740 1644 ο
754 1583 872 1644 colendi
999 1591 1005 1600 ’

370 1665 490 1741 Semper
504 1664 625 1736 occulti,
640 1665 705 1722 date
718 1683 781 1739 quae
795 1683 945 1739 precamur

607 1742 752 1816 Tempore
765 1743 876 1816 prisoc;

369 1820 440 1882 Quo
455 1819 586 1894 Sibyllini
600 1817 739 1876 monuere
753 1838 850 1876 versus

255 1947 259 1962 ,
371 1899 506 1975 Virgines
519 1898 608 1954 lectas
622 1916 779 1972 puerosque
794 1909 887 1957 castos

370 1977 434 2050 Dis,
448 1977 552 2053 quibus
565 1987 674 2052 septem
687 1975 821 2051 placuere
832 1979 928 2052 colles,

607 2054 714 2112 Dicere
727 2074 852 2114 carmen.

369 2136 455 2194 Alme
470 2135 529 2206 Sol,
544 2152 630 2192 curru
644 2135 734 2192 nitido
748 2135 823 2192 diem
838 2137 886 2212 qui

292 2217 297 2222 '
369 2214 480 2273 Promis
493 2224 523 2271 et
536 2213 622 2285 celas,
637 2213 766 2288 aliusque
780 2225 809 2270 et
822 2215 897 2272 idem

369 2292 517 2366 Nasceris,
530 2293 622 2370 possis
636 2291 707 2350 nihil
722 2293 791 2350 urbe
805 2292 902 2352 Romal

604 2371 706 2428 Visere
720 2371 826 2447 majus!

368 2448 439 2509 Rite
454 2460 579 2508 maturos
593 2451 702 2524 aperire
715 2462 812 2526 partus

368 2529 456 2588 Lenis
470 2529 593 2604 Ilithyia‚
608 2538 689 2586 tuere
702 2539 821 2599 matres3

368 2610 435 2668 Sive
449 2619 480 2667 tu
494 2608 606 2666 Lucina
618 2609 721 2684 probas
735 2609 839 2682 vocari,

605 2687 663 2744 Seu
677 2687 825 2745 Genitalis.

367 2766 452 2837 Dira,
465 2767 605 2842 producas
619 2766 755 2835 sobolem,
770 2767 942 2841 Patrumque

368 2844 520 2918 Prosperes
533 2845 648 2899 decreta
661 2862 745 2917 super
757 2843 890 2920 jugandis

369 2920 518 2991 Foeminis,
531 2920 671 2995 prolisque
685 2939 765 2977 novae
780 2922 866 2978 feraci

515 3031 516 3034 =
605 2997 684 3072 Lege
697 2999 808 3056 marin.

369 3077 474 3136 Certus
486 3086 518 3133 ut
532 3075 621 3132 denos
635 3076 732 3132 decies
745 3097 796 3152 per
810 3097 899 3134 annos
986 3097 987 3100 ¹

368 3157 456 3216 Orbis
470 3166 499 3213 et
513 3163 614 3211 cantus
627 3154 784 3228 reseratque
798 3155 889 3226 ludos,

368 3236 429 3295 Ter
443 3235 489 3293 die
503 3233 589 3305 claro,
601 3233 740 3308 totiesque
754 3234 834 3309 grata

607 3312 701 3370 Nocte
716 3312 883 3388 frequentes.

316 3427 318 3432 ·
367 3397 482 3471 Vosque
496 3411 611 3451 veraces
624 3393 773 3465 cecinisse,
789 3393 895 3463 Parce,

366 3475 456 3536 Quod
470 3473 557 3531 semel
572 3473 746 3544 dictumest,
761 3472 923 3545 stabilisque
937 3488 1031 3528 rerum

368 3554 520 3611 Terminus
535 3562 636 3623 servet,
651 3552 726 3608 bona
737 3551 795 3626 jam
808 3549 931 3626 peractis

605 3629 724 3706 lungite
739 3630 803 3686 sata.

369 3707 482 3768 Fertilis
496 3711 609 3786 frugum
622 3709 788 3784 pecorisque
803 3707 905 3766 Tellus

370 3787 474 3863 Spicel
488 3790 574 3846 donet
588 3788 723 3844 Cererem
736 3789 857 3845 corona:

370 3865 507 3925 Nutriant
520 3867 604 3924 foetus
618 3877 648 3922 et
662 3885 741 3941 aquae
755 3866 882 3925 salubres

423 3943 495 4003 ·8*
605 3944 644 4003 Et
657 3945 735 4004 Jovis
748 3964 832 4004 aure.
