2706 4362
526 289 733 354 sicininum
750 302 816 353 ara.
833 303 854 353 1.
872 305 910 353 lt.

260 447 337 508 Tam
349 449 462 525 nigrum
475 466 590 506 surrexe
603 447 690 505 mihil
706 446 784 521 fugit
797 445 951 522 improbus,
965 463 1000 504 ac
1013 465 1060 506 me

261 528 322 586 Sub
334 522 564 622 cultrylinquitd'
599 528 677 585 Casu
689 525 767 584 venit
780 525 878 582 obvius
892 523 932 583 illi

260 608 465 670 Adversarius:
486 615 524 679 et,
546 609 564 636 “
576 603 646 667 Qud
661 615 702 678 tu,
717 603 879 680 turpissime
889 604 919 661 l''
941 603 1048 679 magni
1169 605 1208 662 75

259 685 407 743 Exclamat
420 703 508 754 vooe;
529 695 568 756 et,
590 688 607 714 “
623 683 705 741 Licet
718 682 852 740 antestari
860 683 890 738 l”
913 681 976 758 Ego
989 679 1056 740 vero

259 763 382 841 Oppono
395 763 570 836 auriculam:
591 763 663 837 rapit
676 762 706 818 in
718 761 780 837 jus:
795 761 907 819 'clamor
921 761 1081 837 utrinque,‘

259 843 392 920 Undique
406 861 572 901 concursus.
605 841 656 906 Sic
670 855 716 896 me
731 839 850 897 meavit
863 839 975 917 Apollo.

508 1213 509 1218 ’
608 1193 769 1258 SATIRA
789 1195 828 1254 X.

261 1316 373 1376 Nmrrn
387 1316 574 1392 incomposito
587 1316 647 1373 dixi
660 1318 733 1392 pe'de
747 1337 862 1393 currere
877 1337 974 1376 versus

261 1395 365 1454 Lucili.
397 1395 474 1458 Quis
488 1407 546 1454 tam
560 1394 655 1453 Lucili
669 1396 759 1454 sautor
774 1395 870 1474 inepte
884 1408 937 1471 est,

261 1475 299 1534 Ut
312 1494 370 1533 non
381 1475 436 1532 hoc
450 1475 589 1532 fateaturl
624 1476 665 1533 At
678 1477 764 1549 idem,
779 1475 856 1552 qudd
870 1477 929 1534 sale
943 1475 1032 1533 multo

261 1555 368 1612 Urbem
381 1553 523 1626 defricuit,
537 1553 637 1611 chatti
650 1554 781 1613 laudatur
792 1556 904 1614 eidem.

261 1631 290 1688 N
293 1652 328 1689 ec
337 1643 434 1689 tamen
448 1633 502 1689 hoc
512 1632 640 1688 tribuens
651 1633 777 1690 dederim
791 1653 901 1710 quoque
915 1643 1035 1691 cetera:
1055 1649 1122 1690 nam
1136 1631 1210 1690 siud

261 1709 300 1767 Et
313 1708 417 1767 Laberi
432 1710 544 1791 mimos,
558 1720 590 1767 ut
599 1710 720 1785 pulchra
729 1715 871 1786 poemata,
886 1713 978 1769 mirer.

263 1787 341 1864 Ergo
355 1806 413 1844 non
427 1783 495 1853 satis
509 1798 552 1844 est
565 1787 623 1845 risu
639 1789 775 1846 diducere
789 1791 892 1847 rictum

264 1865 428 1924 Auditoris:
450 1875 479 1922 et
492 1875 535 1922 est
547 1865 677 1940 quaedam
690 1877 787 1924 tamen
801 1866 849 1924 hic
862 1885 973 1942 quoqne
986 1867 1082 1925 virtus.

263 1945 316 2002 Est
330 1945 466 2001 brevitate
478 1962 558 2018 opus,
573 1955 605 2001 ut
619 1956 714 2002 currat
727 1947 877 2016 sententia,
891 1965 949 2003 neu
963 1965 994 2004 se

263 2023 404 2098 Impediat
417 2022 510 2079 verbis
522 2023 611 2080 lassas
624 2023 809 2082 onerantibus
823 2044 914 2082 aures.
1175 2024 1212 2080 10

262 2101 302 2160 Et
313 2120 443 2158 sermone
456 2120 527 2176 opus
536 2103 583 2158 'est
596 2099 681 2160 modd
696 2103 778 2175 tristi,
792 2101 868 2180 saepd
880 2105 987 2178 jocoso,

263 2180 442 2238 Defendente
456 2179 547 2237 vicem
563 2177 647 2237 modd
662 2182 781 2239 rhetoris
795 2192 878 2258 atque
891 2185 993 2258 poetae,

263 2258 411 2317 Interdum
425 2258 536 2330 urbani,
550 2259 692 2336 parcentis
706 2260 820 2332 viribus,
836 2271 920 2336 atque

261 2337 449 2395 Extenuantis
463 2355 511 2394 eas
525 2335 664 2396 consulto.
699 2338 867 2397 Ridiculum
882 2339 941 2398 acri

264 2413 377 2474 Fortius
390 2427 419 2473 et
432 2415 535 2474 melius
548 2435 665 2491 magnas
679 2413 844 2492 plerumque
858 2428 936 2476 secat
950 2437 1003 2476 res.
1174 2417 1211 2475 15

264 2493 320 2566 Illi,
335 2495 439 2570 scripta
453 2494 555 2569 quibus
569 2496 709 2552 comedia
722 2497 815 2572 prisca
828 2497 895 2572 viris
908 2506 961 2570 est,
1104 2511 1105 2514 ’

263 2573 328 2632 Hoc
341 2573 461 2645 stabant,
477 2573 531 2631 hoc
542 2584 608 2630 sunt
621 2574 765 2645 imitandi;
786 2594 855 2651 quos
869 2595 961 2652 neque
974 2575 1091 2653 pulcher

263 2651 459 2728 Hermogenes
473 2671 597 2730 unquam
610 2652 687 2729 legit,
702 2673 794 2731 neque
807 2654 907 2712 simius
919 2656 982 2728 iste,

261 2729 311 2788 Nil
325 2741 425 2806 praeter
439 2730 559 2788 Calvum
573 2741 602 2788 et
615 2732 715 2790 doctus
729 2745 844 2791 eantare
859 2733 1053 2791 Catullum.-

263 2809 304 2866 At
318 2828 453 2882 magnum
467 2809 544 2880 lecit,
555 2807 635 2884 qudd
650 2811 742 2866 verbis
755 2811 858 2868 Graeca
871 2810 981 2868 Latinis
1171 2811 1211 2868 2⁰

263 2885 295 2941 M
299 2885 459 2942 iacuit-O
472 2887 528 2943 seri
539 2887 711 2943 studiorum!
733 2887 820 2960 quine
834 2888 939 2964 putetis

264 2963 387 3021 Difficile
401 2973 430 3019 et
443 2963 556 3033 mirum,
570 2962 687 3021 Rhodio
700 2965 776 3038 quod
789 2965 960 3024 Pitholeonti

264 3042 391 3118 Contigit
398 3041 491 3097 t-At
504 3059 597 3098 sermo
609 3041 709 3116 lingui
723 3044 882 3101 concinnus
896 3046 1014 3119 utruque

265 3121 393 3192 Suavim,
409 3129 439 3176 ut
453 3119 527 3177 Chio
541 3131 608 3176 nota
622 3120 646 3176 si
660 3121 813 3177 commixta
826 3120 941 3178 Falerni
955 3130 1006 3177 est.

262 3201 364 3263 Quum
378 3218 474 3256 versus
485 3197 583 3270 sanias,
597 3209 625 3256 te
639 3199 731 3274 ipsum
745 3210 905 3274 percontor,
917 3217 953 3257 an
965 3209 994 3258 et
1006 3216 1094 3274 quum
1172 3199 1211 3258 25

263 3279 343 3337 Dura
356 3278 407 3337 tibi
420 3277 584 3354 peragenda
596 3278 637 3335 rei
651 3277 688 3334 sit
701 3295 789 3336 causa
802 3276 908 3350 Petilli,

264 3359 382 3417 Scilicet
394 3357 499 3417 oblitus
512 3357 666 3433 patrieque
680 3355 822 3434 petrisque
836 3356 943 3428 Latini,

262 3437 363 3499 Quum
378 3437 483 3494 Pedius
496 3454 598 3493 causas
611 3438 730 3494 exsudet
743 3435 897 3512 Poplicola,
912 3445 996 3511 atque

264 3516 413 3587 Corvinus,
428 3515 523 3592 patriis
537 3515 731 3573 intermiscere
751 3516 839 3590 petita

264 3593 360 3651 Verba
374 3593 439 3651 foris
453 3594 544 3666 malis,
556 3593 696 3651 Canusini
711 3612 789 3651 more
802 3593 956 3670 bilinguisl
1170 3595 1210 3652 30

265 3669 354 3748 Atqui
373 3689 427 3746 ego
450 3692 536 3747 quum
549 3673 666 3730 Grecos
677 3672 810 3744 lacerem,
824 3683 907 3730 natus
921 3689 998 3730 mare
1011 3671 1091 3747 citra,

264 3748 439 3820 Versiculos,
454 3751 541 3808 vetuit
555 3770 600 3808 me
614 3750 664 3808 tali
678 3768 747 3807 voce
761 3750 914 3825 Quirinus,

265 3827 332 3887 Post
343 3827 467 3885 mediam
479 3840 594 3887 noctem
607 3829 693 3902 visus,
704 3847 791 3905 quum
805 3831 916 3890 somnia
928 3847 1012 3890 vere:

915 4135 925 4168 l
