2756 4366
479 299 509 356 Q·
527 298 672 350 nonant
689 299 814 350 nulum

399 437 438 496 Et
451 439 619 514 Scythicum
633 440 783 498 inviolatus
797 459 921 498 amnem.

321 517 381 576 Vos
394 515 538 574 Caesarem
553 519 651 589 altum,
665 519 766 576 mitius
779 519 863 574 simul

320 595 423 652 Fessus
436 595 566 652 cohortes
580 596 689 652 abdidit
702 597 823 671 oppidis,

358 672 457 750 Finire
470 684 642 748 quaerentem
656 673 767 731 labores

397 751 492 808 Pierio
505 752 639 809 recreatis
653 764 741 809 antro.

319 828 379 886 Vos
392 829 457 886 lene
472 829 665 896 consiliumet
678 831 761 901 datis,
776 840 805 886 et
818 830 886 888 dato

318 907 466 979 Gaudetis,
480 908 571 964 almae.
605 909 720 970 Scimus
733 919 764 965 ut
778 908 879 983 impios

358 984 480 1043 Titanas
494 987 703 1060 immanemque
717 997 840 1043 turmam

397 1063 531 1121 Fulmine
542 1062 689 1121 sustulerit
703 1065 822 1136 caduco,

317 1141 381 1205 Qui
395 1153 499 1199 terram
514 1143 645 1214 inertem,
660 1143 708 1216 qui
721 1161 800 1200 mare
814 1152 951 1218 temperat

318 1221 488 1293 Ventosum,
501 1231 529 1277 et
543 1223 636 1291 nrbeS,
651 1240 793 1295 regnaque
808 1221 909 1291 tristia,

357 1298 511 1373 Divosque,
525 1299 712 1372 mortalesque
725 1298 832 1368 turbas,
924 1351 927 1358 .

396 1376 520 1452 Imperio
534 1377 607 1452 regit
621 1384 695 1433 unus
709 1392 799 1450 aequo.

317 1453 458 1530 Magnum
472 1456 520 1512 illa
533 1465 669 1513 terrorem
683 1456 816 1515 intulerat
829 1454 847 1511 J
849 1455 895 1513 ovi

319 1530 427 1589 Fidens
438 1537 572 1608 juventus
586 1534 699 1590 horrida
713 1533 847 1606 brachiis,

358 1610 527 1686 Fratresque
541 1611 691 1668 tendentes
704 1629 794 1686 opaco

396 1689 495 1746 Pelion
508 1690 674 1765 imposuisse
688 1689 820 1765 Olympo.

317 1768 375 1824 Sed
388 1768 458 1841 quid
471 1767 629 1842 Typhoeus,
643 1779 673 1824 et
686 1768 795 1824 validus
809 1767 926 1840 Mimas,

317 1846 378 1902 Aut
391 1847 460 1919 quid
473 1847 579 1903 minaci
592 1846 768 1921 Porphyrion
783 1857 868 1920 statu,

354 1924 437 1984 Quid
452 1925 585 1996 Rhoetus,
599 1925 760 1999 evulsisque
772 1926 883 1983 truncis

394 2001 558 2060 Enceladus
569 2003 708 2079 jaculator
722 2003 825 2074 audax,

317 2079 426 2139 Contra
439 2093 588 2139 sonantem
602 2081 727 2138 Palladis
740 2082 831 2156 aegida

316 2159 438 2216 Possem
450 2162 584 2216 ruentesl
618 2159 697 2216 Hine
712 2161 810 2215 avidus
823 2159 900 2216 stetit

353 2237 516 2304 Vulcanum
538 2237 607 2293 hino
620 2247 748 2294 matrona
761 2235 850 2307 luno,
865 2246 893 2293 et

392 2312 548 2388 Nunquam
563 2315 688 2371 humeris
700 2315 843 2391 positurus
857 2331 966 2386 aruum,

313 2391 375 2454 Qui
388 2411 451 2450 rore
464 2413 535 2469 puro
548 2393 680 2450 Castuliae
694 2394 761 2450 lavit

313 2471 416 2528 Crines
430 2472 545 2543 solutos,
559 2473 607 2546 qui
620 2472 717 2548 Lyoiae
731 2483 811 2530 tenet

353 2549 477 2606 Dumeta
491 2552 669 2623 natalemque
684 2551 792 2622 silvam,

392 2626 493 2682 Delius
506 2639 535 2682 et
549 2628 684 2684 Patareus
699 2628 810 2702 Apollo.

313 2705 366 2763 vis
381 2703 482 2761 consili
496 2724 596 2780 expers
609 2705 683 2761 mole
696 2706 753 2763 ruit
767 2706 836 2762 suti:

312 2784 380 2841 Vim
394 2794 580 2858 temperatam
593 2782 623 2839 di
637 2802 749 2858 quoque
762 2785 921 2859 provehunt

352 2861 388 2919 In
403 2862 510 2937 majus:
532 2860 609 2919 idem
623 2859 711 2918 oddre
724 2862 797 2920 vires

390 2939 486 2997 Omne
500 2941 580 2996 nefas
593 2940 689 2996 animo
702 2952 858 2998 moventes.

313 3019 411 3078 Testis
424 3037 552 3076 mearum
566 3018 746 3076 centimanus
759 3019 856 3094 Gyges

314 3098 544 3166 Sententiarum
563 3108 649 3155 notus
660 3107 689 3154 et
702 3097 822 3174 integra}

350 3176 490 3236 Tentamr
503 3177 594 3234 Orion
608 3177 720 3248 Dianae‚

390 3255 530 3332 Virgineti
543 3256 668 3314 domitus
682 3255 794 3331 sagittis.

240 3399 245 3415 ι
311 3333 420 3410 Injeota
435 3330 568 3393 monstris
581 3346 657 3392 terra
669 3334 746 3392 dolet
758 3335 828 3406 suis,

312 3411 472 3489 Moeretque
485 3425 583 3489 partus
596 3413 714 3470 fulmine
728 3412 852 3470 luridum
940 3459 946 3465 ,

351 3489 456 3550 Missos
470 3493 506 3550 ad
520 3493 646 3550 Orcum:
668 3509 723 3548 nee
737 3490 848 3566 peredit
946 3515 948 3520 s

389 3569 554 3645 Impositum
567 3571 643 3630 celer
656 3569 731 3646 ignis
744 3569 873 3626 AEtnen:

311 3645 520 3705 Inoontinentis
533 3667 588 3706 neo
603 3646 682 3723 Tityi
693 3648 775 3724 jecur

311 3724 461 3798 Relinquit
474 3727 541 3799 ales,
555 3728 689 3802 nequitie
703 3725 816 3782 additus
