2756 4366
546 302 747 352 CARMINUM
762 303 832 352 HE.-
846 304 895 352 lv.

382 439 483 515 Mults,
497 444 552 518 qun
566 445 661 504 crines
674 445 793 522 religate
806 445 905 523 fulges.

381 522 472 580 Ridet
485 535 602 598 argento
614 525 731 582 domus:
753 545 811 598 arn,
825 525 911 584 mstis

383 600 489 659 Vincta
502 603 643 674 verbenis,
657 614 721 661 avet
734 604 879 662 immolato

620 680 753 758 Spargier
767 702 849 758 agno.

382 757 497 815 Cuncta
511 759 625 816 festinat
638 779 750 833 manus,
765 762 822 819 hue
835 771 865 819 et
878 760 948 819 illue

382 835 530 894 cursitant
543 839 638 896 mixte
651 840 747 914 pueris
760 839 875 915 puelle:

384 915 538 1003 Sordidum
551 915 672 973 flamme
686 919 829 994 trepidant
842 929 967 977 rotantes

622 995 738 1053 Vertioe
753 997 872 1054 fumum.

311 1085 314 1090 '
383 1071 422 1129 Ut
435 1082 531 1129 temen
546 1069 625 1128 miris
638 1073 742 1147 quibus
754 1075 900 1132 advoceris

382 1150 520 1220 Gaudiis3
541 1149 611 1207 Idus
625 1152 676 1208 tibi
690 1163 756 1208 sunt
770 1153 898 1228 agendae,

381 1228 443 1290 Qui
457 1229 519 1286 die's
532 1248 660 1286 mensem
675 1231 797 1287 Veneris
811 1233 927 1289 marine

618 1307 718 1368 Findit
730 1309 879 1384 Aprilem:

381 1386 451 1444 Jnre
465 1387 599 1446 solemnis
612 1387 692 1460 mihi,
708 1390 887 1465 sanctiorque

382 1463 462 1523 Pene
477 1465 564 1524 natali
576 1467 699 1542 proprio,
713 1464 789 1542 quod
803 1487 840 1525 ex
853 1467 909 1526 hro

383 1543 463 1603 Luoe
478 1543 623 1602 Meeeuss
637 1563 718 1603 meus
732 1543 880 1604 affluentes

618 1624 741 1683 Ordinat
754 1645 853 1684 annos.

539 1889 545 1990 ζ
642 1935 726 1994 oon
746 1935 802 1996 xr.

612 2073 653 2112 An
666 2075 834 2116 VIRGILIUM.

383 2174 446 2232 anr
460 2174 533 2230 veris
542 2173 673 2247 *comites
688 2194 752 2250 quae
766 2194 844 2233 mare
858 2185 1025 2251 temperant,

383 2251 539 2329 Impellunt
555 2252 656 2310 anime
670 2255 758 2312 lintea
773 2253 925 2312 Thrnoiae:

383 2331 448 2402 lam
462 2351 517 2390 neo
530 2344 610 2407 prata
624 2334 727 2408 rigent,
741 2353 797 2390 nee
811 2333 889 2392 fluvii
903 2344 1032 2411 strepunt

541 2409 672 2468 Hibernis
687 2414 751 2469 nive
765 2413 879 2488 turgidi.

383 2487 494 2545 Nidum
508 2489 597 2564 ponit,
612 2489 678 2566 Ityn
692 2490 823 2548 flebiliter
836 2509 965 2567 gemens,

382 2565 486 2625 Infelix
501 2568 568 2639 avis,
589 2580 618 2626 et
631 2569 777 2646 Ceoropiae
791 2571 892 2628 domus
908 2569 910 2574 ’

382 2645 533 2705 AEternum
547 2649 737 2724 opprobrium,
750 2647 827 2724 quod
841 2648 916 2708 male
931 2650 1064 2710 barbaras

540 2725 656 2803 Regum
670 2740 712 2785 est
724 2729 782 2785 ulta
795 2728 936 2786 libidines.

382 2802 492 2860 Dicunt
502 2805 532 2860 in
546 2815 644 2863 tenero
658 2808 787 2880 gramine
800 2807 950 2882 pinguium

383 2880 526 2938 Custodes
539 2883 634 2938 ovium
648 2884 774 2940 earmina
787 2885 891 2956 fistuli,

382 2957 590 3033 Delectantque
604 2961 688 3018 deum
703 2963 750 3019 oui
763 2982 851 3038 peous
865 2975 894 3021 et
907 2964 981 3040 nigri

543 3037 637 3096 Colles
651 3042 783 3097 Aroadiae
797 3043 919 3116 plnoent.

383 3113 541 3175 Adduxere
556 3118 631 3174 sitim
645 3128 780 3192 tempora,
791 3119 913 3194 Virgili:

352 3265 356 3270 1
383 3197 443 3254 Sed
457 3213 587 3271 pressum
601 3195 719 3252 Calibus
733 3196 839 3252 duoere
850 3197 985 3254 Liberum

383 3276 416 3334 Si
429 3275 527 3352 gestis,
539 3275 676 3351 juvenum
693 3275 831 3333 nobilium
844 3275 945 3348 eliens,

544 3353 574 3410 N
576 3355 645 3413 erdo
658 3355 725 3412 vina
737 3355 892 3413 merebere.

383 3434 476 3492 Nardi
490 3453 591 3510 parvus
605 3454 680 3510 onyx
693 3435 789 3492 eliciet
802 3436 907 3492 eadum

381 3513 443 3575 Qui
458 3531 536 3570 nuno
551 3515 681 3589 Sulpitiis'
693 3515 814 3572 eeeubat
828 3513 946 3586 horreis,

384 3593 455 3667 Spes
468 3593 574 3650 donare
588 3613 674 3650 noves
687 3593 792 3667 largus,
807 3611 958 3668 amaroque

539 3671 680 3728 Curatum
694 3672 789 3727 eluere
803 3669 911 3729 efficax.

383 3750 430 3806 Ad
445 3767 508 3824 quae
522 3750 546 3806 si
559 3768 692 3825 properas
705 3749 818 3824 gaudia,
833 3769 899 3807 oum
912 3750 963 3808 turi

383 3826 474 3884 Velox
487 3846 582 3884 meree
596 3827 679 3884 veni:
701 3847 758 3886 non
772 3847 825 3905 ego
839 3839 866 3886 te
886 3829 957 3886 meis
