2704 4362
554 310 619 361 Ans
637 309 793 364 nostros.

210 454 274 520 Qui
287 454 389 528 nescit,
403 473 500 514 versus
513 465 611 514 nmen
623 455 713 516 nudet
723 455 832 532 fingere
843 455 1026 520 l-Quidnil

212 535 298 602 Liber
311 546 340 594 et
353 535 505 611 ingenuus,
520 534 676 625 presertim
689 553 794 593 census
807 545 982 630 equestrem

213 615 361 672 Summam
374 632 566 685 nummorum,
581 613 704 688 vitioque
717 624 843 672 remotus
856 614 893 671 nb
905 615 992 672 omni.
993 646 1034 658 -

212 692 260 751 Tu
274 693 366 751 nihil
359 693 448 752 invite
458 693 539 752 dices
553 659 674 750 iaciesve
689 690 837 762 Minervd;

211 771 246 829 Id
260 771 311 828 tibi
322 769 464 847 judicium
477 782 530 843 est,
544 789 578 828 ee
592 788 689 828 ruens:
711 791 735 828 sr
727 771 817 846 quid
830 782 926 830 temen
939 771 1007 830 olim

213 850 376 926 Scripseris,
391 851 421 908 ln
435 849 518 907 Metii
533 850 689 908 descendat
698 850 804 926 judicis
817 869 910 923 cures,

213 929 250 986 Et
262 929 360 1004 petris,
376 940 405 986 et
418 939 545 998 nostres3
567 947 729 1004 nonumque
743 940 886 1003 prematur
900 929 931 990 in
946 947 1066 995 cunum..

213 1007 391 1064 Membrenis
405 1008 482 1064 intus
491 1007 599 1083 positis,
610 1007 706 1065 delere
715 1006 813 1065 licebit

212 1086 301 1148 Quod
313 1105 372 1143 non
385 1084 526 1155 edideris;
547 1086 638 1144 nescit
652 1106 706 1144 vox
718 1086 805 1158 missa
818 1086 928 1143 reverti.
964 1144 967 1153 ,

253 1165 402 1223 deestres
416 1165 546 1222 homiues
559 1183 638 1222 secer
652 1165 846 1240 interpresque
860 1163 977 1222 deorum

214 1242 351 1300 Caedibus
364 1253 398 1300 et
407 1243 483 1300 victu
498 1242 573 1300 foedo
587 1243 723 1300 deterruit
737 1242 873 1318 Orpheus
881 1263 889 1312 ;

214 1322 317 1387 Dictus
330 1321 367 1379 ob
381 1322 435 1378 hoc
448 1320 539 1378 lenire
553 1321 639 1396 tigres
652 1320 821 1395 rabidosque
835 1321 948 1380 leones:

214 1401 319 1458 Dictus
330 1411 360 1457 et
373 1399 530 1475 Amphion,
542 1396 691 1456 Thebtnae
702 1399 832 1457 conditor
846 1399 930 1472 ercis,

214 1481 290 1541 Sere
302 1497 415 1536 rnovere
429 1497 499 1536 sono
511 1477 673 1549 testudinis,
686 1488 716 1535 et
727 1497 813 1554 prece
827 1446 933 1542 blandi

214 1558 329 1615 Ducere
343 1553 399 1632 qud
414 1557 505 1614 vellet
547 1555 615 1612 Fuit
628 1557 690 1615 hec
704 1557 843 1632 sepientis
855 1559 1009 1632 quondum,

214 1636 335 1692 Publice
347 1634 462 1710 privatis
476 1652 636 1706 secernere,
651 1653 732 1692 sacre
744 1635 878 1710 profanis,

216 1713 379 1770 Concubitu
391 1713 540 1787 prohibere
555 1731 636 1787 rego,
651 1713 739 1771 dere
729 1732 793 1787 jure
807 1715 925 1787 meritis,

215 1791 330 1868 Oppida
344 1791 446 1861 moliri,
460 1790 539 1866 leges
552 1790 678 1848 incidere
692 1789 779 1866 ligno.

217 1871 268 1928 Sic
282 1871 371 1928 honor
384 1880 413 1927 et
426 1887 530 1926 nomen
545 1868 649 1926 divinis
661 1869 772 1926 vatibus
785 1880 869 1944 utque

217 1947 400 2007 Carminibus
413 1949 498 2006 venit
540 1947 608 2005 Post
622 1948 673 2006 hos
687 1948 807 2023 insignis
821 1947 965 2008 Homerus

216 2027 404 2104 Tyrtaeusque
418 2047 510 2085 meres
524 2026 675 2086 animosin
689 2025 795 2096 Martie
808 2026 882 2084 bella
922 2083 936 2100 ‚,

216 2107 354 2165 Versibus
366 2107 497 2175 exacuit;
518 2106 662 2183 dioteper
672 2106 800 2164 carmina
813 2117 919 2177 sortes;

217 2186 254 2244 Et
267 2187 330 2244 vitae
344 2196 498 2244 monstrate
512 2185 558 2242 vin
571 2196 631 2253 est3
652 2195 681 2242 et
694 2184 787 2260 gretia
799 2203 899 2260 regum

215 2265 316 2323 Pieriis
330 2276 438 2322 tentata
451 2263 558 2334 modis;
580 2227 720 2341 ludusque
734 2273 872 2358 repertus,

216 2344 254 2402 Et
266 2338 414 2420 longorum
427 2362 544 2418 operum
559 2342 643 2399 finis:
664 2361 701 2402 ne
716 2339 787 2404 forte
801 2342 904 2420 pudori

218 2424 261 2481 Sit
275 2423 326 2480 tibi
338 2421 424 2480 Musa
438 2422 504 2498 lyrae
518 2421 616 2493 solers,
630 2431 659 2478 et
672 2433 771 2483 centor
785 2421 898 2497 Apollo

255 2499 285 2557 N
287 2501 369 2558 sture
382 2501 462 2560 fieret
474 2499 616 2559 laudabile
630 2519 756 2572 carmen,
771 2519 807 2558 nu
823 2510 892 2572 erte,

215 2580 377 2642 Quaesitum
392 2592 442 2639 est
483 2579 547 2668 Ego
560 2598 615 2636 nec
629 2546 790 2638 studiuni
768 2597 830 2636 sine
844 2547 930 2640 divite
945 2579 1027 2652 vend,

216 2658 282 2718 Nec
295 2660 366 2718 rude
363 2659 447 2749 quid
460 2658 547 2734 possit
561 2657 665 2716 video
657 2658 823 2734 ingenium:
845 2659 996 2718 ulterius
974 2677 1017 2716 sic

217 2738 317 2796 Altera
329 2739 420 2813 poscit
432 2756 515 2812 opem
529 2756 585 2808 res,
599 2747 628 2794 et
638 2737 768 2827 conjurat
782 2734 884 2794 amice.

215 2811 277 2878 ttui
291 2816 386 2872 studet
398 2826 524 2890 optutum
537 2832 623 2871 cursu
637 2815 803 2890 contingere
817 2824 932 2885 metsm,

218 2893 310 2950 Mults
321 2893 384 2949 tulit
398 2893 519 2967 fecitque
532 2910 619 2967 puer;
641 2893 751 2949 sudavit
764 2903 794 2948 et
808 2892 887 2962 alsit3
974 2937 978 2940 .

223 2970 366 3029 Abstinuit
379 2969 493 3028 Venere
507 2980 536 3026 et
549 2969 631 3026 vino:
651 2989 699 3047 qur
692 2969 816 3044 Pythie
828 2980 926 3028 cuntot

217 3049 352 3120 Tibicen,
367 3047 467 3105 didicit
481 3043 568 3122 pride,
581 3047 766 3154 extimuitque
780 3049 954 3139 magistrum.

217 3129 282 3188 Nec
296 3125 364 3186 satis
378 3138 422 3186 est
435 3125 555 3183 dixisse:
598 3123 694 3201 “Ego
708 3125 780 3183 mire
792 3129 924 3200 poemate
938 3145 1052 3202 pungo:

216 3210 349 3284 Occupet
338 3217 521 3265 textremum
536 3203 662 3274 scebies;
684 3204 755 3262 mihi
767 3215 848 3279 turpe
862 3205 983 3281 relinqui
997 3214 1051 3277 est,

217 3287 265 3358 Et,
278 3286 352 3362 quod
367 3305 432 3344 nou
437 3283 535 3356 didici,
549 3302 619 3340 seue
634 3285 745 3346 nescire
760 3283 868 3340 feteril'

256 3307 297 3422 llt
307 3383 401 3440 preco
412 3365 447 3422 ad
463 3381 572 3421 merces
586 3362 696 3420 turbem
707 3363 755 3440 qui
769 3361 846 3438 cogit
859 3365 1004 3437 emendes,

220 3445 417 3500 Assentetores
428 3442 508 3518 jubet
522 3443 557 3499 ud
571 3441 704 3499 lucrum'
697 3461 737 3500 rre
750 3445 837 3522 poete

219 3521 306 3578 Dives
318 3522 404 3618 egris,
420 3521 498 3578 dives
511 3521 609 3597 positis
623 3521 652 3578 in
667 3521 774 3580 soenore
788 3520 922 3582 nummis.

220 3599 252 3657 Si
266 3596 332 3657 verb
343 3610 387 3656 est
399 3611 516 3657 unctum
530 3600 578 3675 qui
591 3596 669 3658 recte
681 3619 786 3690 ponere
796 3599 930 3675 possit,-

221 3677 258 3737 Et
271 3677 431 3754 sponderel
433 3678 477 3735 evi
490 3697 541 3753 pro
554 3697 687 3756 paupere,
702 3691 730 3736 et
741 3679 850 3770 eripere
866 3678 933 3738 atris

220 3756 332 3818 Litibus
346 3755 524 3832 implicitum,
538 3757 695 3816 mirabor'
674 3777 698 3815 sr
708 3759 780 3816 sciet
793 3758 881 3818 inter-
