2706 4362
792 201 800 230 Ι

518 304 723 354 ειιιιιιιιιιιι
740 305 806 354 ura.
824 307 860 354 11.
877 309 900 356 a.
1148 311 1203 370 135

258 446 430 524 Ingenium3
452 458 538 523 utque
551 448 634 521 soles,
648 459 744 505 custos
758 448 828 504 rnilri
842 449 984 506 maximus
998 449 1082 509 adsis.
1166 452 1203 508 15

257 525 342 603 Ergo,
357 527 405 583 ubi
419 546 464 584 me
478 526 509 584 in
524 539 634 585 monte·
648 539 677 584 et
691 529 721 584 in
732 546 826 584 arcem
842 547 878 585 ex
892 528 962 584 urbe
975 529 1091 602 removi,

255 606 336 667 Quid
350 603 428 681 priris
443 605 581 662 illustrem
595 605 697 677 satiris,
712 605 853 680 Musaque
867 607 1012 682 pedestril

255 684 320 742 Nec
334 686 408 742 mala
422 703 468 741 rne
483 685 599 742 ambitio
612 686 714 759 perdit,
728 704 783 742 nec
796 686 947 760 plumbeus
961 687 1077 760 Auster,

256 765 478 838 Autumnusque
492 765 595 838 gravis,
609 763 742 820 Libitinae
756 775 878 838 quaestus
892 767 1010 822 acerbae.

295 842 438 900 Matutine
453 854 543 917 pater,
557 861 608 898 seu
622 842 696 899 June
710 841 845 899 libentius
860 843 951 915 audis,
1163 845 1202 902 20

255 921 342 980 Unde
358 920 488 979 homines
501 940 618 995 operum
633 922 738 996 primos
752 921 871 996 vitaeque
885 921 995 980 labores

256 999 424 1071 Instituunt,
440 1000 481 1056 sic
496 999 540 1055 dis
554 999 699 1074 placitum,
714 1011 744 1055 tu
757 1000 892 1058 carminis
905 1012 976 1059 esto.

256 1079 441 1154 Principium.
483 1077 587 1135 Romae
599 1097 762 1153 sponsorem
776 1098 821 1134 me
835 1080 917 1154 rapis.
959 1080 1060 1139 “Eial

255 1156 302 1214 Ne
315 1158 392 1234 prior
405 1157 499 1214 officio
513 1157 660 1232 quisquam
674 1157 853 1232 respondeat,
868 1160 965 1233 urge.''

255 1238 320 1293 Sive
335 1237 440 1311 Aquilo
454 1236 526 1293 rudit
541 1248 637 1308 terras,
652 1257 703 1297 seu
718 1237 817 1293 bruma
831 1237 954 1295 nivalem

255 1315 393 1372 Interiore
407 1316 483 1372 diem
497 1335 566 1390 gyro
580 1316 674 1387 trahit,
688 1315 729 1372 ire
744 1333 862 1372 necesse
876 1328 927 1374 est.

254 1395 415 1466 Postmodo,
429 1395 503 1469 quod
518 1394 557 1450 mi
571 1395 654 1465 obsit,
670 1392 746 1451 clarc
764 1392 931 1471 certumque
945 1397 1050 1469 locuto,

254 1474 434 1531 Luctundum
449 1475 478 1529 in
493 1475 592 1543 turbd3
615 1473 746 1530 facienda
759 1473 862 1549 injuria
876 1477 971 1533 tardis.

254 1553 401 1614 “Quid
378 1572 428 1622 vrs,
443 1553 564 1609 insunel
586 1567 614 1609 et
627 1572 697 1626 quas
711 1572 755 1610 res
769 1554 867 1628 agisl''
891 1555 1035 1630 improbus
1048 1565 1131 1630 urget

255 1630 338 1687 Irutrs
348 1631 526 1706 precibus
530 1635 577 1686 ‘tu
591 1630 686 1719 pulses
699 1650 783 1688 omne
798 1632 872 1705 quod
885 1633 1023 1712 obstat,
1164 1634 1202 1691 30

256 1710 304 1765 Ad
320 1708 509 1764 Maecenatem
523 1709 642 1765 memori
655 1709 678 1764 si
693 1721 789 1766 mente
803 1713 959 1767 recurras.”

257 1787 343 1842 Hoc
335 1797 413 1861 Juvat
426 1797 455 1842 et
468 1786 545 1842 melli
559 1796 612 1857 est,
627 1804 683 1841 non
698 1788 826 1843 mentiar
868 1789 918 1858 At,
933 1787 1016 1845 simul
1030 1798 1105 1846 atras

257 1865 383 1922 Ventum
397 1875 440 1922 est
453 1864 605 1939 Esquilias,
619 1863 712 1920 aliena
725 1865 839 1941 negotia
850 1876 968 1923 centum

256 1943 310 2001 Per
325 1954 411 2018 caput
424 1954 453 2000 et
462 1944 543 2000 circa
556 1943 662 2000 saliunt
674 1943 756 2000 latus.
798 1945 903 2000 “Ante
918 1946 1074 2005 sec-undam

256 2022 382 2079 Roscius
396 2023 494 2080 orabat
507 2023 560 2079 sibi
575 2023 689 2078 adesses
703 2023 738 2078 ad
754 2022 853 2079 Puteal
868 2025 958 2080 cras.''
1164 2025 1203 2084 35

256 2101 328 2156 “De
344 2120 373 2157 re
388 2101 533 2161 communi
547 2101 647 2158 scribae
661 2103 766 2176 magud
781 2113 864 2176 utque
878 2103 952 2162 novit
966 2114 994 2160 te

253 2179 382 2237 Orabant
396 2179 479 2236 hodie
493 2180 681 2250 meminisses,
694 2179 817 2250 Quinte,
832 2182 960 2238 reverti.'’

253 2262 272 2288 “
287 2257 434 2333 Imprimat
448 2258 501 2329 his,
516 2277 594 2328 cura,
609 2257 755 2316 Maecenas
768 2259 851 2332 signa.
864 2260 1002 2317 tabellis.”

253 2336 376 2408 Dixeris,
403 2342 420 2366 “
433 2336 606 2412 Experiar'':
631 2342 647 2366 “
664 2337 696 2392 Si
711 2337 761 2408 vis,
772 2339 879 2412 potes‚''
895 2340 974 2396 addit
987 2349 1016 2397 et
1028 2340 1121 2400 instat.

254 2416 398 2490 Septimus
411 2426 510 2472 octavo
523 2415 635 2490 propior
647 2416 705 2490 jam
720 2415 822 2490 fugerit
836 2436 938 2489 annus,
1163 2419 1201 2479 40

253 2494 298 2550 Ex
311 2513 366 2569 quo
383 2493 526 2550 Maecenas
541 2513 587 2550 me
601 2494 687 2568 coepit
701 2495 804 2551 habere
819 2513 934 2553 suorum

253 2572 288 2629 ln
303 2589 431 2644 numero,
446 2573 584 2630 duntaxat
597 2573 632 2629 ud
648 2574 702 2630 hoc
704 2592 809 2648 ,quern
823 2575 920 2632 tollere
935 2576 1024 2633 rheda

156 2693 160 2698 -
253 2651 356 2723 Vellet,
371 2653 423 2709 iter
439 2652 555 2722 faciens,
569 2661 598 2709 et
611 2653 659 2709 cui
673 2655 845 2710 concredere
860 2674 952 2730 nugas

254 2731 319 2788 Hoc
329 2749 439 2804 genus
460 2731 571 2788 Hora
581 2744 667 2805 quota
677 2733 739 2788 estl
760 2731 860 2790 'lhrax
870 2745 914 2790 est
923 2733 1038 2794 Gallina
1052 2735 1123 2811 Syro
1133 2737 1200 2810 parl

253 2809 396 2865 Matutine
408 2828 508 2882 purum
520 2821 619 2866 cautos
630 2810 688 2883 jam
703 2809 806 2884 frigora
819 2813 984 2870 mordentd'
1161 2814 1201 2870 ’45

254 2885 293 2942 Et
305 2905 366 2961 quae
381 2886 485 2943 rimosi
500 2887 573 2941 bene
587 2887 788 2960 deponuntur'
781 2906 810 2944 ιιι
825 2907 901 2946 aure.

253 2964 307 3020 Per
322 2975 411 3020 totum
426 2964 480 3019 hoc
493 2975 605 3037 tempus
619 2965 790 3038 subjectior'
783 2984 813 3022 ιιι
827 2967 903 3024 diem
917 2979 946 3026 et
960 2970 1057 3028 horum

253 3043 381 3101 Invidiae.
424 3039 557 3097 “Noster
571 3041 652 3098 ludos
666 3054 841 3116 spectaverat
851 3046 925 3114 uual3

252 3121 394 3179 Luserat
387 3141 416 3178 ιιι
437 3139 553 3194 campo;
575 3118 708 3177 Fortunae
722 3121 830 3190 iilius;”
851 3143 959 3181 ornnes.

253 3199 545 3278 lrigidusaRostris
558 3209 653 3256 manat
662 3218 712 3274 per
726 3213 849 3275 compita
860 3221 974 3261 rumor
1161 3205 1200 3264 50

250 3281 427 3356 Quicunque
440 3279 539 3336 obvius
553 3289 596 3335 est
611 3298 655 3336 me
669 3277 837 3338 consulit:‘
841 3280 886 3336 ‘O
901 3282 985 3352 bone,
999 3300 1066 3340 nam
1079 3292 1108 3340 te

253 3361 343 3432 Scire,
358 3362 427 3417 deos
441 3358 574 3435 quoniam
588 3351 703 3434 propids
717 3359 870 3436 contingis,
883 3372 1009 3435 oportet:

252 3439 412 3513 Numquid
427 3439 463 3496 de
479 3438 565 3496 Dacis
580 3439 755 3496 audistil''‘
759 3439 831 3496 ‘Nil
846 3440 995 3514 equidem)
988 3439 1005 3466 '’
1027 3445 1044 3471 “
1057 3440 1096 3499 Ut
1109 3451 1139 3499 ιι

254 3517 372 3592 Semper
386 3518 442 3574 eris
456 3518 597 3575 derisorl'’
626 3522 644 3548 “
660 3520 701 3575 At
713 3537 812 3574 omnes
826 3517 856 3573 dl
870 3519 1017 3594 exagitent
1030 3539 1085 3593 me,

254 3595 284 3650 Si
299 3595 478 3669 quidquam.'’
521 3596 647 3658 “Quidl
669 3596 804 3652 militibus
817 3599 954 3671 promissa
968 3599 1119 3675 Triquetra
1159 3603 1197 3660 55

251 3673 362 3730 Praedia
376 3673 482 3746 Caesar,
497 3695 533 3731 an
548 3685 590 3732 est
604 3674 676 3732 Italia
690 3675 789 3731 tellure
803 3677 920 3734 daturus
930 3679 960 3734 l''

252 3750 271 3806 J
274 3761 400 3808 urentem
417 3771 461 3808 me
476 3755 547 3810 rcire
562 3753 632 3810 nihil
648 3753 793 3825 mirantur,
808 3767 838 3812 ut
852 3774 941 3814 unum

253 3830 371 3889 Scilicet
380 3831 487 3906 egregii
502 3833 647 3890 mortalem
662 3831 764 3908 altique
779 3833 880 3894 silenti.
