2756 4366
500 356 531 416 Q.
550 348 694 408 Hortum
712 355 836 409 FLACCI

332 502 414 560 Rara
427 502 582 560 decurrens
595 501 662 578 lupe
675 501 835 575 Lanuvino,

566 580 703 656 Foetaque
717 581 831 656 vulpes:

332 658 460 736 Rumput
473 669 502 716 et
515 677 631 735 serpens
645 659 697 716 iter
712 659 882 732 institutum,

332 738 363 795 Si
376 758 426 814 per
440 737 586 814 obliquum
600 738 700 796 similis
714 738 822 813 sagittae

332 816 451 875 Terruit
464 835 592 875 mannos.
635 814 698 892 Ego
711 817 757 874 cui
769 815 884 888 timebo,

568 895 705 954 Providus
719 913 835 972 auspex,

332 973 495 1050 Antequam
510 983 616 1031 stantes
629 984 738 1049 repetat
747 972 866 1050 paludes

330 1052 469 1110 Imbrium
484 1053 580 1110 divina
593 1052 652 1108 avis
665 1051 875 1124 imminentirnn

330 1131 470 1189 Oseinenr
484 1149 598 1189 corvum
612 1149 697 1208 prece
711 1130 854 1190 suscitabo

567 1209 641 1267 Solis
655 1210 776 1268 abortu.

332 1289 379 1347 Sis
391 1289 460 1346 licet
473 1289 540 1346 felix
553 1288 715 1362 ubicunque
728 1286 827 1360 mavis,

330 1367 369 1426 Et
382 1367 601 1446 memorlnostri,
611 1367 740 1439 Galatea,
752 1367 844 1423 vivas:
936 1440 940 1444 .

331 1446 433 1523 Teque
446 1463 501 1504 nec
515 1447 601 1503 laevus
615 1455 690 1503 vetet
702 1445 743 1502 ire
756 1445 848 1521 picus,

566 1524 631 1583 Nec
644 1543 715 1600 vage
728 1524 836 1582 cornix.

332 1603 390 1661 Sed
404 1603 483 1662 rides
495 1615 601 1678 quanta
615 1604 736 1679 trepidet
748 1603 872 1661 tumultu

330 1681 442 1740 Pronus
454 1681 554 1740 Orion.
595 1681 658 1758 Ego
671 1683 739 1757 quid
753 1682 790 1739 sit
803 1691 863 1740 ater

332 1761 449 1818 Hadriae
464 1761 528 1819 novi
543 1761 622 1818 sinus
635 1772 664 1818 et
677 1761 745 1836 quid
756 1761 838 1818 uibus

568 1839 673 1897 Peccet
687 1839 791 1917 Iapyx„

332 1919 466 1977 Hostium
481 1938 581 1977 uxores
594 1919 730 1994 puerique
744 1937 836 1976 caecos

332 1999 464 2057 Sentium
477 2009 570 2056 motus
583 1998 699 2055 orientis
713 1997 822 2069 Austri,
837 2006 866 2053 et

332 2077 554 2153 AEquorisurigri
569 2077 764 2147 fremitum‚'et
777 2084 930 2133 trementes

566 2154 692 2210 Verbere
707 2153 796 2228 ripaei

333 2233 382 2290 Sic
396 2243 425 2290 et
438 2232 552 2308 Europe
566 2231 680 2288 niveum
695 2229 792 2289 dolose

331 2311 461 2370 Credidit
474 2321 556 2368 tauro
569 2310 652 2383 latus,
666 2321 695 2368 et
708 2319 865 2368 scatentem

330 2389 438 2448 Beliuis
451 2400 569 2467 pontum
583 2389 747 2465 mediasque
762 2388 874 2446 fraudes

568 2467 672 2526 Palluit
685 2470 786 2526 audax.
835 2479 837 2483 ’

302 2563 303 2568 ’
331 2546 432 2623 Nuper
445 2548 475 2605 in
489 2548 576 2622 pratis
590 2548 717 2604 studiose
731 2547 842 2619 florum,
856 2557 885 2605 et

330 2626 442 2683 Debitae
456 2624 599 2700 Nymphis
611 2626 706 2700 opifex
716 2644 838 2696 coronae,
888 2673 891 2680 ⁴

331 2704 425 2763 Nocte
441 2703 574 2762 sublustri
589 2704 659 2761 nihil
675 2715 749 2761 nstra
762 2713 863 2779 praeter

567 2783 648 2840 Vidit
663 2793 691 2841 et
704 2783 804 2840 undas.

329 2863 406 2924 Qua*
420 2863 503 2920 simul
518 2872 633 2919 centurn
648 2861 741 2938 tetigit
752 2871 897 2937 potentem

330 2941 452 3017 Oppidis
465 2941 581 3010 Creten,
597 2941 716 3012 “Pater‚
730 2960 747 2998 o
761 2941 892 3008 relictum

331 3021 412 3078 Filiae
427 3039 542 3092 nornen,
555 3019 729 3096 pietasque,’'
745 3020 825 3092 dixit,

567 3099 680 3156 “Victa
694 3099 803 3156 furore!

331 3178 435 3236 Undei
456 3173 513 3253 qud
527 3178 612 3235 venit
632 3177 717 3234 Levis
730 3195 789 3234 una
803 3189 935 3236 moreest

331 3257 482 3334 virginum
497 3256 595 3332 culpoe.
637 3257 805 3331 vigilansne
818 3258 898 3332 plcre

332 3334 431 3412 Turpe
445 3336 648 3412 comprissumt
669 3353 706 3391 an
720 3335 795 3392 vitiis
809 3345 954 3392 carentem

567 3412 655 3470 Ludit
672 3413 767 3489 imago

331 3491 425 3564 Vana,
440 3511 502 3568 quae
516 3491 596 3568 porti
610 3491 723 3568 fugiens
736 3492 846 3550 eburud

333 3570 481 3627 Somnium
497 3572 593 3628 duciti
634 3567 778 3629 Melidsne
793 3570 897 3630 fluctus

332 3646 379 3704 Ire
392 3667 442 3723 per
455 3648 555 3726 longos
569 3649 630 3721 fuit,
645 3668 682 3707 an
697 3661 826 3708 recentes

568 3727 692 3803 Carpere
706 3728 809 3786 floresi
833 3776 838 3800 ,

268 3867 272 3883 ¹
296 3867 298 3872 Ι
334 3803 366 3861 Si
380 3803 442 3878 quis
456 3804 589 3862 infantem
602 3807 673 3863 mihi
687 3825 766 3864 nunc
777 3802 932 3883 juvencum

333 3881 427 3939 Dedat
440 3881 534 3938 irataei
555 3882 680 3941 lacerare
694 3885 778 3960 ferro,
792 3896 821 3944 et
