2756 4366
540 297 739 347 (asemon
754 299 823 348 une
838 301 889 349 Π.

374 440 455 500 Coelo
468 439 554 498 Musa
567 439 643 498 bene·
675 441 728 500 Sic
738 441 817 503 iovis
830 441 952 502 intetest.

374 518 485 595 optatis
499 519 591 595 epulis
603 520 724 596 inpiger
737 519 897 582 Hercules·

373 597 491 656 Clarum
505 597 680 673 Tyndneide
689 601 771 658 nidos
781 601 820 658 ab
830 599 937 662 infimis

372 673 503 738 Quassus
514 677 640 753 eripiunt
653 679 813 754 eqnosibus
823 688 914 741 raes·

373 753 504 814 Ornatus
514 756 598 818 vinidi
610 768 736 834 tempora
749 759 886 835 pampino

374 832 460 892 Liber
474 845 538 893 vota
551 835 640 895 bonos
653 837 733 894 ducit
746 838 783 896 nd
796 838 896 898 enitne

620 1147 707 1206 ODE
724 1147 813 1208 VIIL
917 1203 919 1208 ,

614 1279 655 1322 sn
668 1281 809 1325 nonnoni

372 1383 422 1443 Ne
436 1381 507 1443 sorte
521 1361 868 1461 armamentorum,

373 1459 473 1540 longe
488 1475 638 1522 sonantem
649 1475 735 1520 natue
747 1465 783 1524 ad
797 1465 945 1540 nondum,

411 1542 481 1601 Non
495 1540 561 1600 ante
576 1542 705 1618 vulgatas
717 1562 767 1618 per
781 1554 856 1612 artes

452 1621 547 1679 Verba
560 1621 658 1696 loquor
669 1621 807 1680 socianda
819 1623 940 1684 chordis.

361 1697 453 1770 Non,
467 1699 491 1754 si
506 1699 611 1772 priores
624 1698 768 1768 Meonius
780 1711 860 1758 tenet

374 1777 465 1832 Sedes
478 1775 632 1846 Homeros,
646 1777 805 1834 Pindaricae
818 1777 917 1850 latent,

413 1853 548 1928 Oeaque,
562 1864 591 1910 et
604 1854 698 1911 Alcaei
706 1854 845 1927 minaces,⁴

368 1956 372 1962 ·
450 1932 663 2007 ,Stesichorique
676 1935 777 2007 gr'aves
789 1931 953 1993 esnone:

372 2009 447 2082 Neo,
462 2011 485 2067 si
499 2011 568 2086 quid
581 2011 649 2068 olim
661 2010 729 2068 lusit
742 2011 907 2087 Anacreon,

372 2088 485 2146 Delevit
498 2099 582 2146 aetas:
602 2089 689 2166 spirat
702 2090 797 2146 adhuc
810 2110 898 2164 aanor,

411 2167 574 2242 Vivuntque
588 2169 731 2226 commissi
745 2168 852 2226 calores

450 2245 553 2304 AEoliae
567 2246 670 2303 fidibus
684 2246 794 2321 puella.

369 2323 437 2382 Non
451 2323 510 2381 sola
523 2335 650 2400 comptos
664 2325 731 2380 arsit
745 2325 865 2391 adulteri

370 2402 483 2473 Crines,
497 2412 526 2458 et
540 2416 639 2458 aurum
656 2402 780 2458 vestibus
794 2402 894 2462 illitum

409 2479 525 2551 Mirati,
538 2480 702 2556 regalesque
716 2479 820 2556 cultus,

448 2557 486 2614 Et
499 2559 627 2630 comites,
641 2557 754 2616 Helene
768 2558 904 2620 Lacaeno¹

368 2637 514 2695 Primosve
529 2635 644 2696 Teucer
658 2637 714 2694 tela
728 2637 859 2712 Cydonio

369 2716 481 2774 Direait
494 2735 578 2774 arou:
599 2735 657 2774 non
671 2718 760 2775 semel
773 2716 842 2776 Ilios

408 2795 519 2852 Vexata
531 2815 537 2850 :
558 2814 616 2852 non
629 2795 767 2870 pugnavit
778 2796 882 2870 ingens

449 2870 620 2929 Idomeneus
635 2871 821 2930 Sthenelusve
836 2874 911 2934 soloe

370 2947 503 3010 Dicenda
516 2947 609 3006 Musis
621 2949 733 3024 proelia:
755 2968 812 3010 non
826 2943 905 3012 ferox

371 3027 490 3098 Hector,
505 3026 547 3083 vel
562 3046 627 3084 noer
641 3025 809 3106 Deiphobus
823 3049 922 3106 graves

410 3105 552 3179 Excepit
545 3116 619 3162 lotus
631 3124 682 3180 pro
701 3107 813 3180 pudicis

448 3182 626 3258 Conjugibus
639 3183 788 3258 puerisque
801 3185 917 3261 primus

369 3260 476 3322 Vixere
491 3262 576 3320 sortes
589 3273 654 3318 ante
668 3262 886 3337 Agamemnona

370 3340 472 3400 Multi:
493 3342 544 3398 sed
557 3359 657 3400 omnes
670 3340 887 3415 illacrymabiles

409 3419 584 3497 Urgentur‚
576 3420 731 3496 ngnotique,
744 3420 831 3498 longi

448 3499 552 3572 Nocte,
567 3509 664 3556 carent
677 3499 744 3574 qnia
757 3511 819 3556 vate
833 3517 922 3557 sacro.

370 3575 491 3638 Pauliun
505 3578 623 3654 scptibae
636 3579 721 3636 distet
734 3577 844 3636 inertie

369 3656 469 3714 Celata
482 3657 576 3716 virtus.
611 3654 680 3715 Non
694 3674 748 3730 ogo
761 3665 789 3714 te
802 3657 874 3716 meis

409 3733 522 3792 Chattis
536 3735 699 3794 inornatum
712 3733 812 3808 silebo,

448 3811 539 3870 Totve
554 3823 617 3870 tuos
630 3812 720 3889 peior
733 3813 843 3876 labotes
