2706 4362
494 317 741 371 snrsromnun
759 317 825 367 tm.
843 320 863 368 1.
882 323 920 369 rr.
1138 325 1193 383 163

141 499 144 504 ·
247 467 265 496 ‘⁸
278 460 342 522 Neo
357 463 461 522 fimum
476 462 541 536 feei,
555 483 610 522 neo
624 464 713 540 fugi,”
729 462 753 520 si
767 460 837 520 mihi
852 462 929 520 dioat
1045 529 1047 542 Ι

247 543 369 601 Servus:
392 547 410 574 ¹‘
426 543 524 600 Habes
538 543 668 619 pretium,
682 543 749 600 loris
763 561 820 600 non
835 541 953 612 ureris,”
969 540 1022 599 a'o.

246 625 264 652 “
276 621 343 679 Non
358 622 500 680 hominem
515 622 636 678 oooidi.”
679 627 697 652 “
713 621 780 678 Non
794 638 895 696 pasees
909 622 1039 678 in¹oruoe
1053 623 1179 680 oorros.”

245 704 263 731 “
279 701 349 758 Sum
363 702 455 758 bonus
464 711 494 757 et
508 700 610 776 frugi.³’
652 701 764 758 Renuit
778 711 863 776 negat
877 713 960 774 atque
973 699 1121 757 Sabellus:

245 779 386 836 “Cautus
400 780 477 836 enim
491 779 593 836 metuit
606 779 714 836 foveam
729 779 820 854 lupus,
835 778 1026 856 accipiterque
1154 780 1193 838 50

245 857 398 934 Suspeotos
412 858 537 934 laqueos,
551 869 580 914 et
592 868 721 933 opertum
735 858 838 914 miluus
853 859 977 914 hamum.

244 935 378 994 Oderunt
391 953 512 1011 peooare
528 937 592 994 boni
607 936 716 992 virtutis
730 955 843 1005 amore3

244 1013 294 1070 Tu
307 1015 378 1072 nihil
394 1014 527 1071 admittes
541 1015 570 1071 in
584 1027 612 1071 te
626 1014 777 1071 formidine
790 1033 890 1090 poenae.

246 1092 290 1150 Sit
305 1113 369 1169 spes
383 1092 509 1164 fallendi,
524 1093 658 1150 miscebis
671 1112 753 1150 saera
765 1093 897 1169 profanis.

245 1170 321 1229 Nam
335 1173 370 1230 de
386 1172 463 1228 mille
479 1171 549 1228 fabre
564 1173 665 1231 modiis
679 1191 766 1247 quum
781 1172 897 1247 surripis
910 1190 1010 1244 unum,
1154 1173 1192 1231 55

244 1247 389 1307 Damnum
403 1261 455 1322 est,
469 1267 527 1308 non
542 1251 662 1323 sabinus,
677 1251 747 1308 mihi
760 1262 844 1327 paoto
857 1251 950 1308 lenius
964 1251 1043 1308 isto.²'

243 1328 295 1386 Vir
310 1330 410 1402 bonus,
424 1348 510 1387 omne
525 1330 616 1387 iorum
631 1349 715 1406 quem
731 1341 840 1406 speotat
852 1342 881 1386 et
895 1349 981 1386 omne
994 1329 1126 1403 tribunal,

242 1408 483 1484 Quandoounque
498 1409 568 1466 deos
580 1409 623 1467 vel
638 1427 724 1506 poroo
738 1409 781 1476 vel
798 1410 866 1466 bore
880 1409 983 1485 placat,

243 1491 261 1517 ‘¹
274 1487 347 1544 Jane
361 1490 457 1566 pater}¹
473 1486 561 1559 clare,
576 1489 652 1545 clare
667 1506 754 1563 quum
769 1489 840 1546 dixit
854 1493 871 1518 “
887 1488 1025 1563 Apollo’';

244 1565 337 1622 Labra
352 1577 455 1636 movet,
470 1579 600 1623 metuens
615 1567 724 1622 audiri:
747 1571 764 1597 “
780 1567 903 1624 Pulchra
917 1567 1055 1637 Lauerna,
1154 1565 1193 1622 60
1290 1615 1295 1622 .

244 1643 291 1700 Da
305 1644 375 1700 mihi
389 1643 495 1714 saliere,
510 1645 547 1701 da
558 1644 666 1719 justum
681 1656 867 1719 sanctumque
880 1644 968 1702 videri

245 1721 369 1778 Noctem
383 1723 509 1796 peooatis
522 1733 551 1778 et
565 1722 711 1778 fraudibus
724 1722 818 1796 objice
832 1723 965 1778 nubem.'’

244 1799 307 1860 Qui
322 1800 420 1856 melior
435 1818 525 1871 servo,
539 1798 587 1874 qui
602 1799 715 1856 liberior
730 1800 766 1855 sit
779 1817 889 1870 avarus,

215 1902 217 1910 ¹
246 1877 283 1934 In
297 1877 386 1936 triviis
400 1877 486 1935 fixum
501 1895 588 1952 quum
603 1896 633 1934 se
647 1877 770 1934 demittit
782 1878 819 1934 ob
830 1895 931 1949 assem,

244 1955 313 2014 Non
328 1957 425 2014 video:
447 1957 575 2031 namqui
590 1957 695 2032 cupiet,
707 1967 815 2013 metuet
828 1974 954 2032 quoque3
974 1953 1069 2032 porrd,
1155 1957 1194 2014 65

243 2034 305 2096 Qui
320 2047 450 2094 metuens
464 2035 540 2107 vivit,
555 2035 626 2092 liber
639 2035 709 2092 mihi
724 2055 781 2093 non
795 2036 849 2092 erit
863 2052 996 2110 unquam.

242 2113 372 2173 Perdidit
386 2133 473 2186 arma,
487 2114 582 2172 looum
596 2114 707 2172 virtutis
721 2113 855 2186 deseruit,
869 2115 919 2190 qui
1051 2123 1053 2129 ’

243 2193 363 2268 Semper
377 2195 407 2250 in
422 2193 554 2269 augendd
569 2193 684 2250 festinat-
695 2204 725 2251 et
734 2195 861 2251 obruitur
874 2212 915 2251 ra.

242 2272 377 2330 Vendere
391 2289 477 2348 quum
490 2271 581 2348 possis
596 2273 749 2348 captivum,
762 2273 895 2330 oooidere
916 2272 994 2330 noli:

242 2351 353 2409 Serviet
366 2351 470 2409 utiliter
483 2371 489 2408 :
511 2351 572 2408 sine
585 2363 684 2426 paseat
696 2353 785 2408 durus
798 2363 930 2427 aretque;
1155 2353 1193 2408 70

242 2427 366 2506 Naviget
382 2450 416 2487 ao
429 2430 531 2487 mediis
545 2431 651 2487 hiemet
664 2443 804 2488 mercator
815 2431 845 2487 in
861 2432 960 2502 undis;

241 2508 376 2566 Annona
389 2509 475 2584 prosit
487 2529 494 2578 ;
515 2519 606 2584 portet
619 2509 761 2568 frumenta
773 2527 927 2586 penusque
1028 2539 1037 2556 κ

281 2587 334 2644 Vir
348 2588 440 2645 bonus
450 2599 479 2646 et
491 2588 605 2663 sapiens
618 2589 735 2646 audebit
748 2588 844 2646 dioere
857 2608 864 2645 :
886 2593 904 2620 ‘⁸
914 2589 1054 2660 Pentheo,

242 2665 351 2724 Reotor
365 2666 542 2739 Thebarum,
556 2667 624 2743 quid
639 2686 684 2724 me
698 2668 822 2743 perferre
835 2669 949 2744 patique

242 2743 398 2820 Indignum
421 2765 507 2822 coges
517 2747 546 2802 2³¹
590 2745 758 2804 “Adimam
781 2747 882 2804 bona.’'
925 2747 1070 2822 “Nempe
1093 2761 1202 2825 peons,

323 2843 394 2894 rem,
1151 2830 1190 2892 ,75

243 2899 356 2970 Lectos,
370 2911 533 2974 argentum:
554 2901 636 2957 tollas
649 2901 743 2957 lioet.’'
786 2905 804 2931 “
820 2900 856 2957 Iu
870 2903 990 2960 maniois
1003 2915 1033 2962 et

243 2978 439 3054 Compedibus
452 2995 526 3034 saero
540 2988 568 3034 te
583 2978 636 3033 sub
650 2979 768 3035 custode
781 2975 912 3038 tenebo.''

243 3060 263 3089 “
278 3055 344 3134 Ipse
358 3057 438 3127 deus,
454 3055 536 3112 simul
552 3066 635 3130 atque
648 3056 749 3128 volam,
763 3075 809 3114 me
823 3058 936 3116 solvet.'¹
978 3058 1098 3133 Opinor,

243 3135 310 3196 Hoo
323 3134 418 3207 sentit,
433 3138 451 3166 “
464 3133 606 3203 Moriar'';
627 3152 703 3190 mors
717 3133 815 3191 ultima
828 3135 905 3193 linea
918 3154 1012 3193 rerum
1026 3147 1081 3194 est.

553 3321 844 3336 Ἣ

538 3449 744 3510 EPISTOLA
754 3449 854 3510 XVII.

606 3590 647 3628 An
661 3589 794 3629 SGAEVAM.

243 3690 397 3762 QUAMVIS,
412 3690 521 3763 Soreva,
535 3687 604 3748 tatis
616 3700 705 3766 perte
719 3689 770 3748 tibi
784 3691 918 3776 consulis,
934 3704 963 3752 et
975 3694 1032 3754 sois

243 3769 313 3832 Quo
326 3769 441 3826 tandem
450 3780 537 3904 paeto
550 3771 652 3827 deceat
662 3769 814 3844 majoribus
824 3771 875 3844 uti,

244 3847 343 3922 Disoe,
357 3847 448 3906 dooen
470 3864 503 3904 us
516 3849 620 3920 adhtro,
634 3865 697 3922 que
711 3860 808 3906 censet
821 3851 978 3938 amiouius;
1000 3863 1032 3911 ut
1044 3853 1069 3911 si
