2704 4362
577 289 642 340 tlte
659 291 815 341 merten.
862 313 864 315 ·

236 436 346 510 Credit,
360 446 389 494 et
401 433 527 494 excludit
539 449 624 492 sanos
637 433 780 492 Helicone
792 439 902 510 podes,

235 514 425 594 Democritus,
439 514 515 573 bona
527 533 592 590 pars
605 532 663 572 non
677 531 788 589 ungnes
800 532 907 589 ponere
920 529 1011 590 curat,

236 593 303 652 Non
318 595 443 666 barbam,
457 603 568 651 secreta
580 590 651 668 petit
663 590 737 664 loca,
751 591 852 650 balnea
865 595 943 652 vitat.
1012 611 1014 615 ·

236 672 428 731 Nanciscetur
442 673 520 730 enim
532 671 655 747 pretium
669 689 830 747 nomenque
842 676 946 748 poete,

236 751 267 808 Si
282 752 372 810 tribus
386 751 533 827 Anticyris
546 760 633 826 caput
646 749 802 808 insanabile
816 769 964 827 nunquam
1130 756 1188 814 300

234 829 359 888 Tonsori
370 830 474 899 Licino
487 828 667 887 commiserit
708 827 737 884 Ο
751 847 805 905 ego
815 830 914 902 levus,

233 907 296 971 Qui
309 928 415 985 purgor
428 909 515 966 bilem
528 909 583 964 sub
595 906 675 964 verni
688 907 822 985 temporis
835 909 949 966 horam!

235 987 265 1044 N
266 1007 303 1045 on
318 987 390 1044 alius
403 987 510 1044 faceret
523 986 640 1044 meliora
652 989 800 1064 poemata:
821 983 920 1045 sertim

236 1065 285 1123 Ni]
300 1065 372 1124 tanti
386 1077 437 1123 est
478 1065 556 1142 Ergo
570 1065 671 1141 fungar
685 1065 748 1122 vice
761 1065 842 1137 cotis,
856 1077 971 1124 acutum

235 1145 372 1203 Reddere
384 1162 448 1220 quac
462 1144 567 1202 ferrum
580 1143 663 1216 valet,
677 1163 775 1202 exsors
787 1143 848 1220 ipsa
858 1146 991 1202 secandi:
1129 1148 1187 1205 305

235 1221 344 1282 Munus
357 1236 386 1282 et
397 1222 535 1297 officium,
548 1223 588 1280 uil
604 1223 735 1280 scribens
746 1223 815 1298 ipse,
827 1221 951 1295 docebo3

116 1319 121 1332 ¹
234 1302 318 1360 Unde
332 1313 465 1379 parentur
477 1319 563 1378 opes;
584 1302 652 1378 quid
667 1302 724 1359 alat
738 1302 894 1398 formetque
904 1306 1035 1379 poetenr3

233 1383 315 1444 Quid
325 1383 436 1454 deceat,
450 1383 518 1457 quid
532 1399 607 1451 non3
628 1378 685 1456 qud
697 1381 794 1452 virtus,
807 1400 866 1456 quo
882 1381 1048 1444 feraterror.

274 1461 425 1519 Scribendi
439 1459 517 1518 recte
534 1479 631 1536 sapere
645 1470 688 1516 est
701 1471 731 1516 et
743 1460 914 1536 principium
928 1472 957 1518 et
970 1461 1040 1519 fons.
1066 1483 1070 1494 ’

234 1539 312 1596 Rern
325 1541 377 1597 tibi
390 1539 546 1597 Socraticae
557 1548 691 1614 poterunt
703 1539 853 1596 ostendere
868 1539 989 1597 charte:
1129 1541 1186 1598 310

234 1616 386 1692 Verbaque
399 1619 538 1692 provisam
551 1635 612 1674 rem
624 1635 682 1673 non
697 1617 785 1688 invita
795 1628 957 1692 sequentur.

234 1694 297 1756 Qui
311 1695 412 1752 didicit
423 1697 521 1770 patriae
534 1695 603 1769 quid
618 1695 730 1766 debeat,
744 1705 774 1751 et
786 1696 854 1769 quid
867 1696 977 1768 amicis,

178 1841 181 1844 ,
235 1772 305 1833 Quo
315 1774 354 1831 sit
366 1793 463 1831 amore
474 1791 587 1849 parens,
600 1791 656 1847 quo
670 1773 755 1830 frater
767 1773 915 1845 amandus,
929 1784 959 1830 et
971 1775 1083 1852 hospes,

232 1851 324 1913 Quod
338 1852 374 1909 sit
389 1851 550 1928 conscripti,
564 1851 639 1926 quod
649 1849 755 1926 judicis
767 1851 902 1922 odicium,
915 1869 979 1926 que

235 1928 334 1988 Partes
348 1932 378 1988 in
392 1930 497 1988 bellurn
511 1931 589 1988 missi
603 1931 703 1999 ducis;
724 1929 772 1987 ilie
782 1927 914 2005 'profectui
1130 1929 1187 1988 315

235 2008 371 2068 Reddere
384 2028 512 2085 persone
526 2010 581 2068 scit
593 2009 793 2068 convenientia
807 2007 918 2084 cuique.

121 2113 124 2121 =
234 2086 394 2163 Respicere
407 2088 550 2164 exemplar
564 2088 627 2146 ritae
642 2105 809 2162 morumque
819 2086 926 2163 jubebo

234 2165 358 2224 Doctum
369 2167 548 2238 imitatorem,
562 2177 591 2224 et
604 2182 684 2224 veras
698 2167 766 2223 hinc
779 2166 885 2222 ducere
899 2183 990 2224 voces.
1101 2215 1103 2220 .

233 2244 382 2302 Interdum
393 2245 521 2320 speciosa
534 2244 604 2300 locis
615 2253 780 2316 morataque
790 2241 871 2299 recte

234 2322 354 2393 Fabula,
368 2322 473 2378 nullius
486 2321 607 2391 veneris,
622 2322 683 2378 sine
696 2321 823 2393 pondere
837 2329 867 2375 et
879 2331 959 2393 arte,
1128 2323 1186 2382 320

233 2397 354 2456 Vuldiirs
367 2399 490 2457 oblectat
502 2396 637 2473 populum
652 2394 809 2471 melidsque
820 2408 953 2470 moratur,

233 2476 333 2537 Quem
347 2496 443 2534 versus
456 2478 555 2552 inopes
569 2485 672 2548 rerum,
687 2492 827 2550 nugaeque
841 2493 960 2534 canore.

278 2555 372 2614 Graiis
386 2556 543 2633 ingenium,
554 2553 649 2612 Graiis
662 2555 741 2612 dedit
753 2571 802 2610 ore
816 2555 937 2612 rotundo

233 2636 319 2695 Musa
328 2634 414 2711 loqui,
427 2645 528 2711 preter
541 2633 655 2691 laudem
665 2633 771 2690 nudius
785 2632 890 2691 avaris:

233 2715 359 2774 Romani
369 2714 449 2789 pueri
462 2711 555 2788 longis
568 2711 725 2769 rationibus
738 2728 831 2769 assem
1126 2713 1184 2772 325

233 2787 357 2852 Discunt
370 2793 400 2848 in
414 2802 508 2867 partes
523 2801 640 2848 centum
655 2791 799 2847 diducere.
841 2793 860 2820 “
875 2787 961 2847 Dicet

233 2871 325 2930 Filius
339 2869 448 2940 Albini,
462 2869 486 2924 si
500 2868 536 2924 de
549 2869 711 2944 quincunce
724 2877 833 2924 remote
847 2877 889 2922 est

233 2949 336 3020 Uncia,
350 2946 417 3021 quid
431 2955 544 3020 superat
551 2947 581 3002 t’
618 2948 636 2976 ‘⁴
651 2943 768 3001 Poteras
781 2945 896 3016 dixisse,
910 2944 1043 3004 Triens.’'
1081 2951 1099 2980 “
1111 2947 1173 3004 Eu!

234 3028 310 3086 Rem
323 3025 428 3103 poteris
441 3041 552 3080 servare
565 3033 652 3079 tuam.
693 3021 783 3080 Redit
796 3022 891 3094 uncie,
905 3023 973 3098 quid
987 3024 1055 3082 fitt’

233 3113 251 3140 ‘⁴
268 3105 388 3165 Semis.'’
431 3103 491 3173 An,
505 3103 567 3159 hec
578 3101 688 3158 animos
699 3118 794 3175 erugo
808 3111 837 3158 et
851 3118 920 3157 cura
932 3101 1027 3176 peculi
1127 3103 1185 3160 330

232 3187 333 3248 Quum
347 3182 434 3242 semel
449 3181 591 3252 imbuerit,
606 3197 751 3256 speramus
765 3178 893 3236 carmina
906 3178 975 3256 fingi

231 3264 319 3324 Posse
333 3262 450 3322 linenda
460 3261 555 3333 cedro,
569 3270 599 3317 et
612 3258 664 3316 levi
676 3259 815 3317 servanda
828 3260 981 3334 cupresso?

272 3345 333 3401 Aut
345 3342 479 3420 prodesse
492 3341 597 3413 volunt,
612 3350 661 3398 aut
674 3337 826 3413 delectare,
839 3342 942 3416 poete,

234 3422 295 3480 Aut
308 3421 392 3479 simul
408 3431 437 3478 et
447 3419 577 3496 jucunda
586 3430 616 3477 et
629 3419 733 3477 idonea
746 3418 843 3478 dicere
856 3418 928 3475 vitre.

232 3499 381 3574 Quidquid
395 3499 549 3575 precipue,
564 3509 625 3556 esto
638 3497 746 3565 brevis;
767 3508 799 3554 ut
812 3494 871 3556 citri
885 3496 962 3553 dicta
1126 3495 1184 3554 335

233 3576 396 3651 Percipient
409 3578 496 3636 animi
509 3577 616 3635 dociles
630 3585 801 3651 teneantque
814 3574 929 3633 fideles:

233 3651 331 3711 Omne
344 3669 549 3730 supervacuum
562 3657 646 3730 pleno
660 3656 696 3708 de
710 3665 825 3726 pectore
837 3663 941 3709 manat.

235 3729 319 3792 Picta
333 3731 480 3806 voluptatis
493 3734 582 3792 causd
597 3732 654 3790 siut
666 3729 795 3808 proxima
807 3730 894 3790 veris:
