2706 4362
505 283 751 374 EPISTOLARUII
767 285 833 334 Lau.
852 288 873 334 1.
891 291 929 336 11.

261 425 374 484 Serriet
387 423 537 498 eternum·
547 427 614 502 quia
627 446 715 503 parvo.
727 427 836 490 nesciet
850 429 900 488 uti„

230 561 234 570 ,
261 505 317 563 Cui
331 525 388 563 non
403 506 553 565 00an
563 525 616 564 sua
627 526 682 578 res,
697 516 728 568 ut
742 507 858 572 oureus
870 507 947 579 olim,

261 584 293 640 Si
302 585 375 659 pede
387 584 475 660 major
490 585 552 656 erit,
568 585 725 659 subvertam
747 585 771 642 si
786 585 887 658 minor,
902 594 972 644 uret

214 661 216 666 ’
260 661 356 719 Laetus
371 674 444 720 sorte
453 664 508 720 tari
520 664 602 720 uires
610 665 760 739 sapienter,
775 665 906 732 Aristi3

258 740 325 797 Nec
339 760 385 798 me
400 742 547 798 dimittes
527 744 750 837 incastigatum,
764 743 813 798 ubi
827 743 908 817 plura

239 840 243 850 ’
259 819 371 894 Cogere
384 818 470 894 quim
484 817 617 891 sudsear,
633 840 667 876 ac
678 841 735 878 non
749 839 869 892 cessare,
883 821 1006 878 videbor.

259 897 387 974 Imperat
398 909 447 954 aut
460 898 546 954 servit
559 898 678 954 collecta
691 898 813 996 pecunia
827 899 940 973 cuique,

260 974 383 1033 Tortum
398 975 485 1051 digna
499 974 694 1052 sequipedis,
709 974 794 1051 quam
808 977 923 1048 ducere,
935 977 1040 1034 funem.

300 1053 374 1109 Haec
388 1053 439 1111 tibi
454 1053 597 1110 dictabam
611 1065 673 1131 post
687 1055 784 1111 fanum
797 1066 879 1130 putre
892 1055 1031 1127 Vacunae,

260 1131 388 1208 Excepto
400 1129 477 1207 qudd
491 1151 550 1190 non
563 1133 648 1190 simul
662 1151 749 1205 essee,
764 1144 866 1190 cratera
879 1133 971 1190 laetus.
1169 1133 1211 1191 50
1240 1171 1242 1177 ι

576 1485 780 1545 EPISTOLA
798 1487 853 1545 XI.

593 1645 633 1684 au
649 1623 832 1682 econamum.

258 1761 344 1824 Qum
358 1761 410 1819 tibi
424 1762 483 1819 visa
496 1761 596 1832 Chios,
610 1761 725 1832 Bullati‚
740 1772 862 1835 notaque
876 1763 1002 1822 Lesbosl

258 1841 341 1903 Quid
356 1840 499 1898 concinna
513 1841 634 1898 Samos?
654 1840 722 1914 quid
736 1839 829 1897 Croesi
843 1841 921 1910 resia
934 1843 1052 1901 Sardisl

260 1921 382 1994 Smyrna
395 1919 471 1994 quid,
486 1927 514 1975 et
528 1918 696 1994 Colopbonl
717 1919 822 1993 majora
836 1938 980 1978 minorave
995 1922 1089 1980 famil

259 1998 431 2086 Cunctaque
444 2017 501 2072 prae
516 1997 627 2072 Campo
639 2007 668 2054 et
682 1997 821 2057 Tiberino
835 1997 952 2056 flumine
967 2001 1102 2058 sordenti

258 2077 307 2133 An
322 2076 399 2133 venit
413 2076 442 2132 in
457 2088 556 2134 votum
567 2075 698 2135 Attalicis
713 2095 749 2132 ex
763 2077 880 2134 urbibus
894 2080 971 2135 unal
1185 2081 1205 2136 5

258 2155 307 2211 An
321 2154 469 2212 Lebedum
482 2155 592 2225 laudas,
605 2155 672 2211 odio
685 2155 771 2212 maris
785 2165 868 2230 atque
882 2175 1007 2214 viarum
998 2157 1050 2200 ⁷-—

256 2234 321 2290 Scis
335 2233 467 2292 Lebedus
481 2233 549 2308 quid
563 2235 612 2301 sit;
633 2229 733 2290 Gabiis
747 2234 883 2292 desertior
897 2245 981 2310 atque

257 2311 413 2368 Fidenis
388 2331 483 2368 vicus:
505 2324 601 2370 tamen
616 2311 713 2371 illic'
689 2331 781 2370 uivere
796 2312 912 2383 vellem;

255 2389 425 2466 Oblitusque
439 2409 577 2462 meorum,
591 2391 801 2448 obliviscendus
814 2402 842 2448 et
856 2391 920 2463 illis,

256 2467 424 2545 Neptunum
439 2469 536 2558 procul
551 2470 653 2526 eterni
666 2480 794 2544 spectare
809 2470 957 2528 furentem.
958 2501 998 2512 -
1124 2481 1126 2486 ’
1169 2473 1203 2530 10

257 2548 315 2604 Sed
329 2567 421 2622 neque
435 2567 482 2623 qur
475 2547 597 2624 Gapuri
611 2548 735 2638 Romam
750 2549 829 2624 petit,
845 2549 933 2606 imbre
946 2549 1061 2639 lutoque
1103 2617 1106 2620 Α

255 2627 407 2702 Asperum,
422 2627 516 2684 volet
508 2647 538 2684 in
552 2645 682 2702 caupona
697 2628 806 2686 vivere:
827 2647 882 2684 nec
883 2629 953 2702 q,ui

255 2704 358 2780 Frigus
372 2689 495 2780 collegit,
507 2706 603 2764 furnos
616 2716 645 2762 et
658 2707 760 2763 balnea
772 2705 903 2777 Ιιιιιιιιι,Ι

255 2782 294 2840 Ut
307 2784 478 2840 fortunatam
492 2782 576 2871 plene
591 2785 752 2858 praestantia
765 2785 869 2840 vitam:

256 2858 366 2931 Nec,
345 2879 368 2916 si
382 2872 411 2917 te
425 2861 554 2916 validus
546 2861 692 2934 jactaverit
706 2861 832 2916 Auster
825 2879 855 2916 m
870 2860 935 2931 alto,

256 2937 369 2994 Idcirco
382 2957 482 2994 navem
496 2948 574 2994 trans
589 2937 719 3010 AEgaeum
734 2956 812 2994 mare
823 2938 935 2994 vendas.

255 3015 398 3073 Incolumi
410 3016 530 3072 Rhodos
543 3025 571 3072 et
585 3013 723 3088 Mitylene
737 3015 855 3090 pulchra
870 3016 946 3087 facit,
960 3017 1049 3090 quod·

254 3096 372 3153 Paenula
385 3093 512 3164 solstitio,
527 3103 683 3167 campestre
697 3092 836 3149 nivalibus
851 3095 934 3165 auris,

254 3174 309 3233 Per
324 3176 453 3232 brumam
467 3171 592 3243 Tiberis,
607 3171 706 3228 Sextili
718 3189 816 3228 meuse
830 3172 966 3228 caminus.
1168 3223 1171 3228 ,

254 3255 331 3312 Dum
344 3254 421 3324 licet,
436 3264 465 3310 et
480 3251 587 3308 vultum
601 3261 692 3308 servat
706 3249 831 3308 Fortuna
846 3249 1010 3324 benignum,
1161 3253 1200 3309 20

254 3334 356 3391 Romae
369 3333 500 3390 laudetur
516 3331 625 3402 Samos,
640 3341 668 3388 et
680 3331 777 3400 Chios,
792 3340 820 3386 et
834 3329 953 3386 Rhodos
967 3329 1078 3388 absens.

254 3411 303 3467 Tu
306 3430 525 3486 ,quamcunque
540 3411 610 3466 deus
624 3410 675 3467 tibi
691 3376 873 3468 fortunaverit
886 3408 993 3479 horam,

253 3458 342 3546 Grata
356 3509 436 3546 sume
450 3509 553 3558 manu;
575 3507 632 3546 neu
646 3489 742 3545 dulcia
756 3475 855 3542 differ'
848 3506 877 3542 m
892 3505 1008 3558 annum,

253 3566 291 3624 Ut
294 3585 482 3642 ‚quocunque
496 3569 559 3624 loco
573 3566 668 3637 fueris,
683 3567 784 3622 vixisse
798 3565 917 3621 libenter

254 3614 301 3702 Τι’
314 3646 408 3701 dicas:
430 3665 496 3702 nam
510 3647 533 3702 si
547 3646 618 3702 ratio
632 3656 660 3701 et
673 3644 823 3720 prudentia
837 3662 929 3714 curas,

253 3722 321 3780 Non
334 3723 413 3780 locus
427 3723 508 3781 effusi
521 3722 577 3782 latr}
593 3723 678 3780 maris
691 3723 803 3796 arbiter,
815 3722 905 3779 aufert
913 3741 921 3792 ;

451 3802 487 3858 14
