2756 4366
496 295 527 352 Q.
545 293 690 344 HORATH
707 293 831 344 FLACCI

250 437 315 498 Nec
328 450 387 497 tam
400 437 521 503 Larissa
533 439 673 514 percussit
686 457 804 514 campus
817 439 931 514 opime,

366 515 467 580 Quam
481 519 582 574 domus
596 517 736 574 Albuneae
750 519 919 592 resonantis,

249 597 287 655 Et
299 614 425 674 preceps
439 597 527 669 Anio,
541 616 575 654 ac
590 596 714 654 Tiburni
727 598 820 669 lucus,
833 607 862 655 et
875 598 933 654 uda

367 674 522 734 Mobilibus
534 676 661 752 pomaria
673 676 748 733 rivis

249 755 341 815 Albus
355 765 386 812 ut
399 756 521 814 obscuro
535 756 664 831 deterget
676 754 774 812 nubila
788 755 860 812 coelo

367 830 451 910 Saepe
465 833 570 906 Notus,
584 853 676 909 neque
690 834 808 911 parturit
822 833 927 892 imbres

248 906 419 989 Perpetu0s;
441 914 482 970 sic
496 923 527 971 tu
541 915 654 990 sapiens
667 913 749 970 finire
764 922 906 969 memento

366 990 525 1049 Tristitiam
539 993 657 1067 vitaeque
670 992 781 1050 labores

248 1068 340 1143 Molli,
354 1070 471 1143 Plance,
485 1091 580 1140 mer03
602 1091 653 1128 seu
667 1081 695 1128 te
709 1069 847 1146 fulgentia
860 1068 950 1145 signis

366 1149 468 1206 Castra
479 1160 589 1221 tenent,
602 1168 654 1206 seu
668 1150 757 1209 densa
770 1148 878 1205 tenebit
1116 1147 1156 1206 20
1249 1183 1252 1190 ·

248 1227 366 1285 Tiburis
379 1229 480 1286 umbra
493 1229 544 1286 tui.
585 1227 701 1284 Teucer
716 1227 861 1286 Salamine
873 1237 1037 1302 patremque

364 1306 465 1368 Quum
480 1306 599 1381 fugeret,
612 1316 708 1363 tamen
722 1300 779 1362 uda
793 1303 880 1380 Lyaeo

247 1385 392 1462 Tempora
404 1385 525 1461 popule&
539 1385 627 1442 fertur
640 1385 763 1442 vinxisse
776 1383 892 1456 corona,

366 1464 415 1521 Sic
429 1465 522 1523 tristes
537 1465 638 1523 affatus
651 1464 774 1522 amicos:

247 1540 345 1605 “Qub
359 1563 412 1601 nos
426 1563 539 1619 cunque
554 1545 625 1603 seret
638 1544 736 1602 melior
750 1543 862 1602 fortuna
874 1553 1003 1619 parente,
1115 1543 1155 1600 25

365 1621 484 1696 Ibimus,
497 1644 516 1682 o
529 1625 599 1682 socii
613 1624 803 1698 comitesque!

246 1698 296 1759 Nil
310 1702 518 1778 desperandum
533 1703 650 1761 Teucro
663 1705 747 1775 duce,
761 1713 791 1760 et
805 1701 919 1778 auspice
933 1700 1066 1771 Teucr0;

364 1780 467 1837 Certus
480 1782 557 1837 enim
570 1782 699 1856 promisit
713 1781 817 1856 Apollo

246 1860 419 1936 Ambiguam
433 1860 533 1918 tellure
547 1860 620 1916 novi
636 1859 781 1919 Salamina
795 1858 926 1920 suturam.

363 1938 391 1994 Ο
405 1938 490 1994 sortes
503 1936 654 2012 pejoraque
668 1938 744 2011 passi
1113 1939 1153 1994 30

245 2015 363 2075 Mecum
378 2012 454 2092 sepe
469 2015 536 2073 viri!
558 2033 638 2072 nunc
652 2015 718 2072 vino
730 2013 826 2091 pellite
840 2033 939 2074 curas:

364 2095 436 2153 Cras
450 2095 552 2171 ingens
565 2095 731 2152 iterabimus
745 2095 867 2168 equor.''

574 2409 657 2467 ODE
671 2408 740 2469 VII.

485 2552 487 2556 '
564 2545 604 2584 AD
625 2545 749 2584 LYDIAM.

305 2691 311 2698 .
419 2627 588 2730 ,Tiniass
603 2625 835 2737 dic‚13ercmnes
852 2697 875 2724 ,υ
908 2717 919 2724 ἐ
971 2718 976 2723 ἱ

282 2722 329 2782 Te
343 2725 410 2783 deos
423 2744 491 2784 oro:
513 2725 634 2799 Sybarin
649 2744 699 2782 cur
713 2720 846 2800 properis
859 2722 982 2782 amando

478 2804 621 2862 Perderei
642 2823 693 2861 cur
708 2804 834 2880 apricum
882 2861 889 2868 Ν

282 2882 384 2940 Oderit
396 2902 539 2961 campum,
552 2883 664 2958 patiens
677 2883 799 2959 pulveris
813 2893 896 2958 atque
910 2882 995 2940 saliri

479 2961 538 3018 Cur
552 2981 645 3037 neque
659 2962 788 3020 militaris
1130 2962 1150 3018 5

282 3038 360 3098 Inter
375 3041 495 3118 aequales
509 3041 625 3116 equitat,
639 3041 750 3099 Gallica
763 3060 818 3098 nec
831 3040 935 3116 lupatis

476 3119 633 3196 Temperat
646 3140 696 3178 ora
706 3121 825 3178 'sranist

234 3211 243 3226 ⁶
281 3197 341 3256 Cur
354 3199 434 3256 timet
447 3197 550 3256 flavum
565 3198 695 3257 Tiberim
709 3200 847 3276 tangere?
868 3217 919 3256 cur
932 3197 1036 3256 olivum

479 3279 626 3354 Sanguine
640 3279 768 3354 viperino

282 3353 402 3414 Cautibs
415 3357 503 3415 vitati
524 3376 616 3431 neque
628 3357 686 3431 jam
701 3356 787 3413 livida
800 3362 891 3429 gestat
905 3352 990 3409 armis
1112 3353 1148 3410 10

478 3435 608 3506 Brachia,
623 3431 698 3510 soepe
714 3435 803 3506 disco,

282 3507 365 3586 Saepe
380 3522 457 3570 trans
470 3513 557 3572 finem
568 3514 663 3590 jaculo
676 3513 780 3571 nobilis
794 3509 945 3587 expedito?

476 3593 558 3652 Quid
571 3595 648 3666 latet,
662 3603 694 3650 ut
706 3592 824 3650 marinae

281 3666 387 3726 Filium
401 3667 647 3731 dicunt-Thetidis
660 3673 712 3730 sub
725 3671 884 3747 lacrymosa
896 3667 992 3744 Trojae

477 3746 602 3823 Funera,
616 3771 653 3810 ne
667 3753 754 3812 virilis
829 3767 834 3772 ·
1110 3749 1147 3806 15

272 3824 384 3902 1ΟιιΙῐιιε
397 3827 428 3885 in
441 3827 550 3884 cedam
563 3840 593 3887 et
606 3831 708 3906 Lycias
720 3831 876 3910 proriperet
889 3827 1037 3891 catervast
