2706 4362
168 361 208 421 90
382 325 390 340 ⁸
497 356 528 412 o.
546 353 691 403 nostru
707 352 831 402 rmccr

209 501 326 578 Urgeris
338 500 422 560 turbt
436 499 546 558 circum
560 509 589 556 te
599 507 702 568 manta,
716 496 856 572 miserque
1052 539 1055 546 ,
1102 500 1159 559 135

208 580 365 658 Rumperis
378 579 516 650 stlattas,
530 593 699 653 magnorum
712 575 834 634 maxime
848 593 957 651 regum.

207 660 255 718 Ne
268 660 385 736 longum
400 656 518 716 faciam:
539 656 608 712 dum
622 665 654 712 tu
666 655 823 729 quadrante
836 654 960 713 lavatum

206 739 274 798 Rex
285 737 348 809 ibis,
362 755 455 812 neque
469 747 497 793 te
511 735 658 810 quisquam
672 732 797 808 stipator,
812 733 941 808 ineptum

206 817 313 876 Praeter
327 815 501 892 Crispinum,
515 811 685 880 sectabitur;
706 822 735 868 et
748 811 819 868 mihi
832 811 934 870 drrlces

207 896 374 974 Ignoscent,
388 893 412 950 si
426 893 495 968 quid
508 909 665 968 peccavero
679 889 791 960 stultus,
804 890 908 960 amici;
1101 893 1157 951 140

207 973 298 1050 inque
312 973 403 1030 vicem
418 972 529 1030 illorum
541 970 631 1045 patiar
645 967 750 1024 delicta
762 967 893 1041 libenter,

208 1051 391 1128 Privatusque
405 1046 497 1128 magis
510 1047 602 1107 rivam
615 1058 644 1105 te
658 1064 726 1122 rege
740 1047 848 1104 beatiss.

551 1403 708 1464 SATIRA
729 1403 782 1464 IV.

211 1528 338 1588 Euronrs
353 1538 436 1602 atque
450 1524 585 1584 Cratinus
599 1526 871 1602 Aristophanesque,
885 1527 988 1600 poitoe,
1091 1559 1093 1566 ‹

146 1599 150 1611 ⁸
208 1609 304 1684 Atque
318 1607 365 1664 alii
378 1623 499 1682 quorum
512 1605 654 1662 ccmoedia
665 1605 759 1680 prisca
772 1603 894 1661 virorum
908 1614 961 1676 est,

209 1687 241 1745 Si
254 1686 317 1782 quis
330 1695 391 1743 erat
403 1684 508 1760 dignus
521 1683 655 1754 describi,
668 1680 746 1759 qubd
759 1683 860 1753 malus,
880 1694 930 1740 aut
944 1683 998 1754 fur,

207 1765 299 1828 Quod
312 1763 442 1821 moechus
457 1763 537 1834 foret,
552 1773 601 1819 aut
613 1761 743 1834 sicarius,
757 1772 807 1819 aut
819 1761 924 1836 alioqui

209 1843 359 1914 Famosus,
373 1841 462 1899 multi
477 1859 544 1898 cum
557 1841 686 1898 libertate
700 1840 845 1898 notabant,
1139 1841 1159 1898 5

209 1923 290 1982 Hinc
302 1922 396 1980 omnis
407 1921 515 2018 penda
527 1918 666 1991 Lucilius,
681 1919 767 1978 hosce
781 1929 925 1994 sequutus,

209 2001 328 2060 Mutatis
342 2009 454 2062 tantum
467 1998 588 2076 pedibus
601 1999 797 2072 numerisque3
819 1997 938 2070 facetus,

210 2080 361 2138 Emunctae
375 2078 462 2150 naris,
476 2079 565 2135 durus
579 2095 749 2153 componere
762 2095 867 2134 versus.

211 2158 287 2216 Nam
302 2159 355 2216 t‘uit
368 2157 422 2214 hoc
437 2157 569 2225 vitiosum
591 2157 621 2213 in
635 2157 705 2213 horti
720 2152 796 2231 sepe
811 2156 961 2227 ducentos,

210 2237 250 2295 Ut
262 2254 408 2312 magnum,
422 2252 520 2292 versus
533 2235 668 2306 dictabat,
683 2245 761 2292 stans
773 2235 847 2310 pede
861 2238 891 2293 in
905 2255 972 2294 unc.
1124 2237 1159 2295 10

209 2315 310 2378 Quum
325 2313 425 2372 flueret
439 2312 604 2386 lutulentus,
618 2323 678 2370 erat
688 2313 764 2388 quod
778 2314 875 2372 tollere
889 2314 990 2374 velles:

211 2393 358 2465 Garrulus,
372 2403 456 2468 atque
468 2392 550 2469 piger
564 2392 707 2451 scribendi
722 2393 794 2450 serre
808 2393 943 2466 laborem,

212 2473 363 2531 Scribendi
376 2468 474 2541 rectri;
495 2491 562 2531 nam
575 2483 607 2530 ut
620 2469 752 2544 multllm,
766 2473 806 2530 nil
821 2491 921 2530 moror.
962 2472 1050 2546 Ecce,

212 2552 361 2628 Crispinus
374 2551 494 2608 minimo
507 2570 553 2608 me
565 2553 869 2628 provocat.-·-Accipe,
883 2552 907 2608 si
921 2551 972 2624 vis,

122 2697 124 2704 Α
211 2631 323 2706 Accipe
335 2630 392 2705 jam
407 2629 534 2698 tabulas3
556 2630 638 2687 detur
651 2629 734 2688 nobis
746 2630 835 2702 locus,
850 2631 928 2702 bora,
1124 2633 1159 2689 15

212 2709 370 2777 Custodes;
391 2708 539 2766 videamus
552 2719 614 2770 uter
627 2709 691 2784 plus
701 2709 824 2766 scribere
838 2709 968 2784 possit.-

194 2805 196 2817 ·
211 2786 251 2846 Di
265 2788 339 2845 bene
353 2787 492 2860 fecerunt,
508 2787 600 2864 inopis
613 2807 659 2846 me
673 2786 806 2864 quodque
820 2787 914 2864 pusilli

212 2865 371 2924 Finxerunt
385 2867 483 2938 animi,
497 2864 561 2925 τιτὸ
575 2879 605 2926 et
616 2886 760 2942 perpauca
772 2866 929 2942 loquentis:

211 2946 253 3004 At
266 2955 297 3003 tu
311 2945 460 3004 conclusas
474 2945 592 3004 hircinis
607 2946 718 3004 follibus
732 2965 824 3019 auras,

211 3024 308 3101 Usque
321 3019 491 3097 laborantes,
505 3026 574 3082 dum
589 3025 693 3082 serrum
707 3025 814 3084 molliat
828 3025 913 3102 ignis,
1120 3027 1160 3085 20

211 3105 250 3163 Ut
263 3104 362 3176 mavis,
376 3103 486 3174 imitare
557 3104 664 3162 Beatus
677 3103 816 3178 Fannius,
831 3105 904 3164 ultro

211 3183 322 3240 Delatis
335 3183 428 3260 capsis
441 3194 471 3242 et
484 3184 623 3260 imagine!
644 3203 732 3258 quum
745 3204 811 3242 mea
823 3203 908 3243 nemo

212 3263 325 3338 Scripta
337 3262 423 3337 legat,
436 3262 522 3338 vulgo
535 3263 655 3320 recitare
668 3264 804 3336 timentis,
817 3265 855 3321 ob
869 3265 944 3322 hauc
957 3283 1027 3336 rem,

210 3338 301 3401 Quod
315 3351 391 3412 suut,
404 3361 474 3416 quos
487 3359 578 3416 genus
592 3342 646 3398 hoc
659 3338 778 3398 minime
790 3343 879 3418 juvat,
893 3354 990 3420 utpote
1003 3343 1097 3420 plures

212 3417 328 3493 Culpari
342 3419 452 3495 dignos.
485 3419 627 3480 Quemvis
641 3420 736 3477 inediti
750 3441 818 3478 erue
831 3423 931 3480 turbi:
1119 3421 1160 3478 25

211 3497 273 3552 Aut
285 3496 323 3554 ob
337 3499 492 3570 avaritiam,
501 3508 550 3555 aut
560 3498 664 3555 miserti
678 3499 831 3558 ambitione
845 3501 961 3560 laborat

210 3573 241 3630 H
243 3593 300 3631 uno
314 3577 390 3650 capit
402 3578 513 3653 argenti
526 3578 674 3653 splend0r;
697 3590 790 3654 stupet
803 3579 907 3637 Albius
921 3599 993 3639 ere:

212 3651 271 3708 Hic
284 3664 374 3711 mutat
388 3673 499 3716 merces
512 3669 646 3732 surgente
660 3677 678 3714 a
691 3657 750 3716 sole
764 3658 800 3714 ad
814 3675 880 3714 eum
893 3677 950 3733 quc

211 3731 382 3806 Vespertina
394 3743 472 3808 tepet
485 3735 577 3811 regi03
598 3737 667 3812 quin
680 3754 730 3811 per
744 3735 818 3792 mala
831 3755 958 3813 praeceps

211 3808 324 3880 Fertur,
339 3807 380 3865 uti
394 3812 485 3884 pulvis
498 3814 633 3871 collectus
646 3814 769 3886 turbine,
785 3833 822 3872 ne
836 3815 904 3890 quid
1119 3814 1161 3872 30

212 3887 331 3944 Summi
344 3887 480 3961 deperdat
493 3900 632 3964 metuens,
646 3903 696 3949 aut
709 3892 824 3968 ampliet
837 3905 868 3950 ut
881 3903 950 3951 re'm.
980 3907 984 3920 '
