2756 4366
533 351 740 434 plurimum
758 351 824 419 [ib.
843 352 885 424 iil

374 509 501 588 Rapacis
513 508 584 568 Orei
597 509 654 568 fine
669 512 819 587 destinatd,

532 589 610 646 Aula
623 591 739 649 divitem
753 603 851 652 manet

373 665 493 727 Herum.
526 667 609 730 Quid
623 668 697 728 nltrd
710 672 824 730 rendist
858 673 954 750 AEqua
966 677 1049 738 tellus

529 747 651 824 Pauperi
666 750 820 808 recluditur

373 823 670 902 Regurnqus'pueris:
691 847 746 887 neo
760 831 871 889 satelles
885 831 955 893 Oroi

530 905 677 964 Callidum
686 907 874 992 Promethea

372 980 506 1055 Revexit,
520 1001 588 1040 auro
601 996 708 1061 eaptus.
750 987 808 1049 Hie
822 991 974 1066 superbum

531 1060 687 1138 Tantalum
702 1076 784 1141 atque
799 1067 916 1128 Tantali

372 1139 472 1197 Genus
485 1141 616 1197 eoeroet:
637 1143 685 1198 hie
699 1143 792 1203 levare
806 1145 936 1204 functum

528 1217 687 1294 Pauparem
701 1221 855 1296 laboribus,

371 1291 497 1354 Vocatus
511 1307 594 1373 atque
608 1317 666 1358 non
680 1311 805 1374 vocatus,
820 1303 907 1361 audit.

563 1485 850 1503 m

611 1563 696 1670 one
715 1611 829 1672 avr.-

546 1773 548 1776 ·
582 1742 586 1748 ⁴
606 1748 640 1790 IN
655 1749 807 1790 BACCHUM.

371 1843 521 1903 Bnoerrurr
535 1843 695 1902 irremotis
708 1847 836 1906 earmina
849 1851 966 1928 rupibus

371 1923 440 1982 Vidi
454 1923 606 1980 docentem
620 1920 754 2000 (credite,
768 1930 898 2008 posteri),

410 2001 615 2078 Nymphasque
629 2001 783 2076 discentes,
797 2017 832 2075 et,
841 2027 923 2067 aures

448 2081 641 2158 capripedum
656 2083 820 2158 Satyrorum
834 2099 941 2147 aeutas.

369 2156 462 2217 Evoel
484 2160 593 2218 reeenti
607 2179 688 2220 mens
702 2164 823 2238 trepidat
837 2179 925 2240 metu,

367 2237 511 2314 Plenaque
525 2235 633 2296 Baoehi
646 2249 761 2316 pectore
775 2243 920 2305 turbidum

406 2317 531 2376 Laetatur
543 2319 549 2375 l
584 2317 676 2376 Evoel
697 2339 793 2398 parce,
808 2323 910 2384 Liber!

446 2396 546 2469 Parce,
561 2397 639 2472 gravi
653 2402 806 2458 metuende
819 2405 931 2479 thyrsol

367 2474 424 2532 Fas
438 2471 657 2552 pervioaoes‘est
671 2479 741 2535 mihi
756 2479 915 2557 Th‘yiadaS,

368 2553 492 2629 Vinique
507 2552 719 2628 fontemartis
733 2569 761 2616 et
775 2559 878 2619 uberes

405 2633 529 2692 Cantare
543 2635 625 2708 rivos,
638 2647 722 2712 atque
735 2641 844 2699 trunois

443 2711 537 2790 Lapsa
550 2715 628 2772 oanis
641 2715 743 2774 iterare
758 2720 851 2778 mella.

365 2789 422 2846 Fas
436 2801 464 2848 et
478 2792 568 2850 beatae
582 2794 712 2870 eonjugis
726 2797 853 2855 additum

366 2869 461 2925 Stellis
475 2870 620 2942 honorem,
635 2883 771 2948 tectaque
780 2874 903 2934 Penthei

403 2944 532 3022 Disjeeta
545 2967 602 3005 non
616 2949 673 3006 leni
687 2953 781 3025 ruini,

445 3024 568 3084 Thracis
581 3039 610 3085 et
623 3030 740 3088 exitium
755 3033 888 3111 Lycurgi.

249 3153 259 3168 ,
365 3102 415 3161 Tu
429 3101 520 3161 flectis
534 3125 642 3178 amnes,
655 3119 687 3164 tu
701 3129 779 3166 mare
792 3113 960 3170 barbarum·
1059 3181 1063 3185 ,

365 3181 414 3238 Tu
428 3183 564 3257 separatis
577 3185 678 3241 uvidus
692 3187 721 3242 in
733 3186 810 3262 jugis

402 3257 490 3319 Nodo
503 3265 621 3320 oodrees
635 3263 761 3340 viperino

445 3340 624 3399 Bistonidum
640 3343 701 3401 sine
716 3345 814 3402 fraude
829 3346 940 3404 crinea

363 3418 421 3490 Tu,
436 3440 521 3496 quum
536 3423 660 3496 parentis
674 3442 763 3500 regna
775 3445 825 3502 per
840 3425 960 3484 arduum

363 3497 474 3556 Cohors
486 3499 643 3576 Gigantirm
657 3505 808 3562 scanderet
821 3505 919 3580 impia,

401 3578 540 3636 Rhoetum
555 3581 690 3638 retorsisti
704 3583 795 3639 leonis

441 3655 591 3732 Unguibus
605 3659 790 3735 horribilique
805 3661 880 3718 malai
888 3683 896 3732 ;

363 3733 546 3810 Quanquam,
560 3738 671 3795 ohoreis
691 3739 780 3814 aptior
794 3751 822 3797 et
832 3740 904 3816 jocis

363 3811 500 3888 Ludoque
514 3815 616 3888 dietus,
631 3835 688 3874 non
703 3829 747 3875 sat
759 3818 878 3878 idoneus
