2756 4366
500 319 532 376 Q.
549 317 695 370 HORATII
712 318 836 370 FLACCI

331 459 541 537 Thessalosque
555 463 637 539 ignes
651 475 680 521 et
694 463 791 539 iniqua
803 460 900 538 Trojar

489 541 591 598 Castra
604 542 711 600 fefellit.

331 617 381 675 Tu
393 619 455 694 pias
468 619 540 676 laetis
554 622 663 679 animus
676 621 791 697 reponis

332 698 465 771 Sedibus,
473 699 613 775 uirgisque
627 700 718 757 levem
732 703 850 757 coerces

327 777 429 834 Aurei
442 778 564 850 turbam,
580 779 689 854 superis
703 780 821 836 deorum

486 857 592 916 Gratus
605 868 634 915 et
648 856 720 915 imis.
823 925 829 935 Ι

562 1193 570 1202 ·
592 1169 677 1227 ODE
690 1169 729 1226 X.

537 1307 577 1346 an
598 1288 789 1346 unucouoiinr.
1087 1334 1091 1373 ,

250 1405 300 1466 Tu
314 1426 351 1464 ne
365 1385 520 1482 quaesieris,
534 1394 608 1465 scir'e
621 1394 809 1482 nefas‚³quem
822 1365 902 1480 ffiishq
916 1391 1000 1483 quern
1014 1376 1066 1465 libi
1079 1421 1086 1486 j

249 1486 352 1543 Finem
366 1486 396 1542 di
411 1487 550 1559 dederint,
565 1485 737 1556 Leuconoe;
759 1506 814 1544 nec
828 1486 1010 1562 Babylonios·

251 1563 387 1622 Tentdris
400 1585 540 1623 numeros.
582 1565 621 1622 Ut
635 1563 747 1638 melitis,
761 1566 894 1641 quidquid
910 1565 972 1638 erit,
987 1565 1059 1642 petil

251 1645 309 1700 Seu
323 1644 418 1719 plures
433 1645 550 1717 hiemes,
565 1663 615 1702 seu
629 1645 726 1703 tribuit
740 1644 852 1720 Jupiter
867 1645 1005 1717 ultimam,

249 1722 327 1783 Quae
340 1741 419 1779 nunc
432 1725 567 1798 oppositis
580 1723 709 1782 debilitat
719 1724 880 1800 pumicibus
893 1741 971 1780 mare
1138 1723 1157 1781 ὅ

250 1800 442 1876 Tyrrhenum.
485 1803 595 1876 Sapias,
610 1803 675 1858 vina
687 1802 788 1876 liques,
803 1811 832 1858 et
845 1801 935 1876 spatio
949 1801 1027 1857 brevi

251 1881 337 1956 Spem
352 1881 467 1956 longam
480 1899 600 1937 reseces.
643 1880 721 1937 Dum
735 1880 885 1954 loquimur,
901 1880 1004 1954 fugerit
1018 1879 1114 1936 invida

250 1958 340 2016 AEtas.
383 1959 476 2036 Carpe
490 1959 577 2031 diem,
591 1957 676 2034 quim
690 1957 842 2016 minimdm
856 1959 973 2015 credula
984 1967 1103 2035 postero.

1213 1645 1216 1672 1

582 2269 667 2327 ODE
687 2269 741 2327 XI.

487 2380 490 2384 ’
550 2407 591 2446 An
605 2407 775 2473 incussum.

324 2510 422 2572 Quum
435 2509 526 2567 virum
540 2517 589 2565 aut
602 2507 688 2577 heroa
701 2508 762 2582 ly'rtl
776 2497 820 2566 vel
834 2501 892 2566 acri

325 2588 414 2647 Tibia
428 2588 516 2645 sumis
529 2586 681 2658 celebrare,
697 2585 783 2646 eliot

324 2668 423 2730 Quem
437 2667 533 2746 deum,
547 2666 629 2741 cujus
644 2666 752 2723 recinet
763 2665 861 2742 jocosa

482 2743 596 2802 Nomen
606 2745 715 2820 imago,

326 2827 387 2883 Aut
401 2825 431 2882 in
444 2825 585 2883 umbrosis
599 2820 748 2881 Heliconis
762 2823 827 2894 oris,

325 2905 386 2962 Aut
400 2923 484 2980 super
498 2903 599 2972 Pindo,
614 2903 742 2979 gelidove
756 2902 786 2959 in
801 2901 914 2975 Haemo,

325 2983 409 3041 Unde
424 2983 549 3041 vocalem
563 2979 670 3040 temere
686 2982 821 3039 insecutae

482 3063 598 3137 Orphea
613 3061 700 3132 silvae,

325 3142 396 3200 Arte
411 3139 539 3198 materni
553 3141 664 3216 rapidos
677 3149 834 3197 morantem

325 3221 490 3278 Fluminum
505 3220 610 3296 lapsus,
625 3219 788 3293 celeresque
798 3229 907 3291 ventos,

326 3300 467 3356 Blandum
482 3311 510 3356 et
524 3301 628 3356 auritas
642 3298 745 3354 fidibus
759 3298 870 3355 canoris

485 3377 599 3435 Ducere
613 3377 754 3452 quercusl

325 3455 408 3518 Quid
421 3454 500 3532 prids
513 3458 607 3514 dicam
621 3456 710 3513 solitis
724 3455 853 3513 Parentis

327 3534 483 3606 Laudibus,
494 3537 541 3614 qui
555 3555 600 3593 res
614 3535 761 3592 hominum
775 3535 950 3607 acdeorum,

326 3612 389 3674 Qui
403 3632 480 3670 mare
495 3634 529 3670 ac
543 3627 641 3686 terras,
656 3614 794 3688 variisque
807 3613 946 3670 mundum

485 3690 640 3767 Temperat
654 3693 749 3751 herisi

328 3769 413 3828 Unde
427 3769 466 3826 nil
480 3769 571 3844 majus
591 3783 742 3844 generatur
757 3772 826 3846 ipso,

329 3846 395 3906 Nec
408 3848 484 3923 viget
496 3848 650 3922 quidquam
664 3850 756 3906 simile
769 3859 819 3906 aut
832 3850 1022 3912 secundumt.
