2706 4362
178 331 219 396 ω
507 323 843 405 orromrrrrurccr

220 477 374 554 Sisyphus:
396 477 474 534 hunc
487 463 607 547 Varuttt,
619 463 744 532 distortis
757 471 906 544 cruribus;
927 472 1007 532 illum

221 555 347 614 Balbutit
362 555 513 627 Scaurum,
526 552 621 630 pratis
635 553 736 610 lirltum
751 549 825 609 male
840 551 913 609 talis.

218 631 338 692 Percide
352 631 399 690 hio
413 632 499 691 viritl
519 632 594 730 frugi
608 631 735 689 dicatur:
757 631 870 706 ineptus

218 712 257 770 Et
267 703 417 788 jactantior
431 712 479 768 hic
493 711 579 788 paulo
593 712 656 768 estl
677 710 837 768 concinnus
850 708 950 766 amicis

218 789 345 849 Postulat
358 800 390 847 ut
403 790 531 848 videatur
544 809 550 848 ε
572 799 600 847 at
613 801 656 846 est
669 789 864 860 truculentior,
879 798 963 863 atqua

218 867 288 928 Plhs
302 881 383 944 equo
395 868 486 926 liberl
506 869 626 945 simplex
640 868 773 942 fortisque
787 867 932 925 habeatur.

219 947 335 1006 Caldior
349 949 414 1006 estl
435 967 516 1004 acres
529 948 603 1004 inter
617 957 797 1004 numeretur:
818 947 927 1022 opinor,

219 1027 293 1084 Haec
307 1046 352 1084 res
366 1038 395 1084 et
405 1026 509 1103 jungit,
522 1025 637 1102 junctos
649 1035 679 1082 et
693 1035 784 1083 servat
798 1026 912 1084 amicos.

219 1107 261 1164 At
274 1125 325 1163 nos
339 1106 456 1162 virtutes
468 1105 543 1181 ipsas
557 1105 731 1176 invertimus,
746 1113 829 1181 atque

219 1185 370 1242 Sincerum
385 1184 517 1260 cupimus
531 1203 579 1241 vas
594 1185 759 1241 incrustare.
796 1183 904 1241 Probus
917 1182 980 1258 quis

217 1262 377 1321 Nobiscum
392 1263 476 1333 vlvit3
498 1260 618 1321 multdm
633 1273 676 1320 est
689 1263 829 1320 demissus
843 1263 944 1328 horno:
965 1261 1006 1320 illi

217 1342 316 1400 Tardo
330 1359 490 1418 cognomen
503 1341 604 1418 pingui
619 1341 735 1399 damus:
757 1341 804 1399 hic
819 1341 890 1418 sugit
903 1360 1003 1400 omnes

217 1419 350 1493 Insidias,
365 1421 491 1496 nullique
504 1421 579 1480 malo
592 1420 665 1478 latus
678 1420 757 1478 obdit
771 1432 909 1496 apertum,

216 1500 318 1562 Quum
332 1519 424 1576 genus
438 1499 493 1557 hoc
507 1499 581 1579 inter
595 1501 658 1558 vitae
672 1510 808 1572 versetur,
823 1500 872 1556 ubi
886 1499 960 1558 acris

218 1576 330 1636 Invidia
344 1590 428 1655 atque
441 1579 538 1655 vigent
552 1579 601 1636 ubi
615 1578 753 1647 crimina3
774 1597 825 1655 pro
840 1579 912 1636 bene
928 1597 998 1637 sano

217 1659 264 1715 Ac
278 1677 336 1715 non
350 1659 477 1730 incauto,
491 1657 589 1715 fictum
604 1669 784 1732 astutumque
798 1675 940 1716 vocamus.

217 1735 379 1812 Simplicior
392 1738 465 1812 quis,
479 1747 508 1795 et
522 1748 565 1795 est
577 1738 688 1812 qualem
703 1756 749 1794 me
762 1733 838 1812 soepd
852 1736 974 1794 libenter

217 1815 379 1874 Obtulerlm
394 1816 456 1888 tibi,
471 1815 627 1889 Maecenas,
641 1826 673 1872 ut
687 1812 758 1873 forte
773 1816 914 1892 legentem

217 1895 279 1952 Aut
291 1895 409 1954 tacitum
424 1895 550 1972 impellat
563 1896 661 1971 quovis
675 1897 827 1954 sermonel
848 1900 865 1925 ‘¹
879 1893 1034 1952 Molestus!

217 1973 372 2032 Communi
386 1993 472 2032 sensu
486 1971 572 2050 plane
587 1975 694 2047 caret,'’
710 1974 860 2050 inquimus.
895 1973 978 2032 Eheu
990 1974 997 2030 l

216 2051 316 2115 Quam
330 2053 438 2112 temero
454 2055 483 2111 in
498 2065 609 2112 nosmet
621 2054 714 2130 legem
728 2052 873 2111 sancimus
887 2054 1029 2129 iniquam!

216 2130 294 2189 Nam
308 2133 382 2190 vitiis
396 2151 480 2190 nemo
494 2134 556 2191 sine
571 2134 716 2191 nascitur:
737 2133 860 2208 optimus
873 2133 919 2189 ille
934 2143 977 2190 est

216 2209 278 2272 Qui
292 2211 419 2268 minimis
433 2221 558 2286 urgetur.
599 2213 720 2269 Amicus
734 2211 835 2284 dulcis,
847 2223 878 2270 ut
892 2229 1004 2286 aequum
1018 2221 1071 2286 est,

215 2288 317 2349 Quum
332 2309 396 2348 mea
409 2300 576 2364 compenset
589 2290 664 2347 vitiis
679 2290 762 2364 bona,
776 2291 903 2368 pluribus
916 2290 1006 2363 bisce,
1126 2289 1167 2348 70

217 2368 249 2424 Si
263 2366 348 2426 modd
362 2366 444 2444 plura
457 2367 527 2425 mibi
542 2369 617 2427 bona
630 2381 705 2442 sunt,
722 2369 856 2428 inclinet:
878 2369 966 2427 amari

217 2447 248 2503 Si
264 2447 338 2505 volet
352 2447 406 2506 hac
421 2447 495 2524 lege,
511 2441 541 2506 iu
556 2449 662 2506 trutina
676 2461 796 2526 ponetur
810 2450 919 2506 eadem.

215 2525 278 2586 Qui
292 2545 328 2583 ne
342 2526 489 2584 tuberibus
503 2529 622 2604 propriis
636 2528 761 2586 offendat
775 2528 900 2585 amicum

215 2603 353 2676 Postulat,
368 2605 497 2681 ignoscet
510 2607 636 2664 verrucis
650 2606 741 2664 illius:
764 2625 874 2681 aequum
888 2618 932 2665 est

215 2682 346 2740 Peccatis
359 2684 470 2741 veniam
484 2697 650 2761 poscentem
664 2686 783 2744 reddere
796 2703 901 2741 rursus.
1126 2686 1167 2743 75

254 2761 396 2838 Denique,
411 2765 552 2839 quatenus
566 2765 660 2821 excidi
674 2760 788 2841 penitius
803 2763 900 2820 vitium
915 2763 975 2836 irae,

214 2842 327 2900 Cetera
341 2841 409 2900 item
424 2855 570 2920 nequeunt
584 2843 676 2902 stultis
690 2843 841 2901 haerentia:
863 2861 915 2900 cur
928 2861 986 2901 uon

214 2920 393 2980 Ponderibus
406 2923 583 2998 modulisque
597 2924 656 2980 suis
669 2924 740 2980 ratio
754 2923 851 2996 utitur,
866 2941 899 2980 ac
913 2941 958 2980 res

214 3001 253 3059 Ut
265 3020 384 3077 quaeque
398 3012 450 3074 est,
466 3003 504 3059 ita
518 3003 664 3078 suppliciis
677 3002 780 3059 delicta
795 3003 930 3060 coercetl

214 3080 247 3138 Si
261 3082 324 3156 quis
337 3101 404 3140 euru
418 3099 540 3153 servum,
554 3081 681 3156 patinam
694 3081 743 3156 qui
757 3081 853 3138 tollere
864 3081 960 3158 jussus
1125 3079 1165 3136 80

215 3162 349 3218 Semesos
362 3161 455 3236 pisces
469 3161 653 3236 tepidumque
667 3160 820 3236 ligurrierit
830 3160 888 3235 jus,

214 3238 250 3295 In
265 3258 350 3296 cruce
364 3240 486 3316 suffigat,
501 3239 635 3297 Labeone
650 3239 775 3296 insanior
791 3240 863 3296 iuter

214 3317 307 3374 Sanos
320 3318 440 3376 dicatur.
474 3314 594 3379 Quantd
610 3319 663 3374 hoc
679 3317 810 3375 fiuiosius
824 3329 908 3393 atque

214 3394 309 3469 Majus
322 3409 471 3472 peccatum
485 3397 543 3453 est!
579 3393 700 3453 Paulrim
715 3396 832 3471 deliquit
846 3397 955 3455 amicus

215 3471 318 3548 (Quod
333 3476 387 3532 nisi
402 3477 554 3546 concedas,
569 3474 691 3532 habeare
703 3475 860 3555 insuavis);
883 3477 1003 3534 acerbus
1121 3471 1162 3530 85

213 3551 319 3621 Odisti,
334 3565 362 3610 et
376 3555 460 3630 fugis
475 3566 505 3612 ut
518 3554 680 3613 Drusonem
696 3556 805 3614 debitor
819 3556 892 3627 aeris,

212 3628 285 3699 Qui,
300 3631 365 3701 nisi,
379 3653 466 3708 quum
480 3635 575 3692 tristes
589 3635 692 3692 misero
706 3634 809 3691 venere
824 3635 972 3706 Kalendae,

215 3707 381 3767 Mercedem
395 3723 443 3769 aut
457 3733 588 3771 nummos
602 3714 679 3770 unde
694 3714 770 3769 unde
784 3713 912 3784 extricat,
927 3731 1037 3770 amaras

214 3787 349 3844 Porrecto
360 3789 459 3862 jugulo
474 3791 614 3862 historias,
628 3792 754 3870 captivus
769 3802 809 3861 ut,
825 3791 911 3847 audit.

214 3865 392 3924 comminxit
405 3866 510 3920 lectum
525 3879 617 3940 potus,
631 3870 765 3926 mensdve
779 3868 905 3926 catillum
