<?xml version="1.0" encoding="UTF-8"?>
<!DOCTYPE html PUBLIC "-//W3C//DTD XHTML 1.0 Transitional//EN"
    "http://www.w3.org/TR/xhtml1/DTD/xhtml1-transitional.dtd">
<html xmlns="http://www.w3.org/1999/xhtml" xml:lang="en" lang="en">
 <head>
  <title>
</title>
<meta http-equiv="Content-Type" content="text/html;charset=utf-8" />
  <meta name='ocr-system' content='tesseract 3.04.00' />
  <meta name='ocr-capabilities' content='ocr_page ocr_carea ocr_par ocr_line ocrx_word'/>
</head>
<body>
  <div class='ocr_page' id='page_1' title='image "./operaacceduntcl00horagoog_0081.png"; bbox 0 0 2756 4366; ppageno 0'>
   <div class='ocr_carea' id='block_1_1' title="bbox 520 380 861 432">
    <p class='ocr_par' dir='ltr' id='par_1_1' title="bbox 520 380 861 432">
     <span class='ocr_line' id='line_1_1' title="bbox 520 380 861 432; baseline -0.003 -1"><span class='ocrx_word' id='word_1_1' title='bbox 520 381 721 432; x_wconf 82' lang='lat' dir='ltr'><strong>CARMINUM</strong></span> <span class='ocrx_word' id='word_1_2' title='bbox 738 381 804 430; x_wconf 75' lang='grc' dir='ltr'>ΗΒ.</span> <span class='ocrx_word' id='word_1_3' title='bbox 822 380 861 430; x_wconf 76' lang='lat' dir='ltr'>lv</span> 
     </span>
    </p>
   </div>
   <div class='ocr_carea' id='block_1_2' title="bbox 356 525 900 996">
    <p class='ocr_par' dir='ltr' id='par_1_2' title="bbox 356 525 900 996">
     <span class='ocr_line' id='line_1_2' title="bbox 396 525 790 601; baseline -0.005 -18"><span class='ocrx_word' id='word_1_4' title='bbox 396 525 442 584; x_wconf 84' lang='lat' dir='ltr'>To</span> <span class='ocrx_word' id='word_1_5' title='bbox 456 525 600 584; x_wconf 88' lang='lat' dir='ltr'>belluosus</span> <span class='ocrx_word' id='word_1_6' title='bbox 612 526 660 601; x_wconf 88' lang='lat' dir='ltr'>qui</span> <span class='ocrx_word' id='word_1_7' title='bbox 674 525 790 584; x_wconf 90' lang='lat' dir='ltr'>remotis</span> 
     </span>
     <span class='ocr_line' id='line_1_3' title="bbox 434 601 898 680; baseline -0.004 -18"><span class='ocrx_word' id='word_1_8' title='bbox 434 604 581 680; x_wconf 90' lang='lat' dir='ltr'>Obstrepit</span> <span class='ocrx_word' id='word_1_9' title='bbox 594 602 730 662; x_wconf 81' lang='lat' dir='ltr'>Oceanus</span> <span class='ocrx_word' id='word_1_10' title='bbox 744 601 898 674; x_wconf 81' lang='lat' dir='ltr'>Britannis,</span> 
     </span>
     <span class='ocr_line' id='line_1_4' title="bbox 357 681 845 759; baseline -0.01 -18"><span class='ocrx_word' id='word_1_11' title='bbox 357 683 403 741; x_wconf 88' lang='lat' dir='ltr'>Te</span> <span class='ocrx_word' id='word_1_12' title='bbox 417 702 475 742; x_wconf 92' lang='lat' dir='ltr'>non</span> <span class='ocrx_word' id='word_1_13' title='bbox 488 683 616 759; x_wconf 85' lang='lat' dir='ltr'>paventis</span> <span class='ocrx_word' id='word_1_14' title='bbox 630 683 731 740; x_wconf 87' lang='lat' dir='ltr'>funera</span> <span class='ocrx_word' id='word_1_15' title='bbox 743 681 845 738; x_wconf 77' lang='lat' dir='ltr'>Gallie</span> 
     </span>
     <span class='ocr_line' id='line_1_5' title="bbox 356 759 821 837; baseline -0.009 -18"><span class='ocrx_word' id='word_1_16' title='bbox 356 761 499 837; x_wconf 77' lang='lat' dir='ltr'>Duraeque</span> <span class='ocrx_word' id='word_1_17' title='bbox 513 761 596 820; x_wconf 82' lang='lat' dir='ltr'>tellus</span> <span class='ocrx_word' id='word_1_18' title='bbox 610 762 690 818; x_wconf 88' lang='lat' dir='ltr'>audit</span> <span class='ocrx_word' id='word_1_19' title='bbox 703 759 821 816; x_wconf 78' lang='lat' dir='ltr'>Iberiae:</span> 
     </span>
     <span class='ocr_line' id='line_1_6' title="bbox 396 837 860 916; baseline -0.009 -19"><span class='ocrx_word' id='word_1_20' title='bbox 396 840 442 898; x_wconf 85' lang='lat' dir='ltr'>Te</span> <span class='ocrx_word' id='word_1_21' title='bbox 457 842 535 898; x_wconf 86' lang='lat' dir='ltr'>caede</span> <span class='ocrx_word' id='word_1_22' title='bbox 549 840 706 916; x_wconf 75' lang='lat' dir='ltr'>gaudentes</span> <span class='ocrx_word' id='word_1_23' title='bbox 718 837 860 896; x_wconf 81' lang='lat' dir='ltr'>Sicambri</span> 
     </span>
     <span class='ocr_line' id='line_1_7' title="bbox 434 914 900 996; baseline -0.004 -20"><span class='ocrx_word' id='word_1_24' title='bbox 434 919 607 996; x_wconf 86' lang='lat' dir='ltr'><strong>Compositis</strong></span> <span class='ocrx_word' id='word_1_25' title='bbox 620 927 791 976; x_wconf 81' lang='lat' dir='ltr'>venerantur</span> <span class='ocrx_word' id='word_1_26' title='bbox 804 914 900 974; x_wconf 86' lang='lat' dir='ltr'>armis.</span> 
     </span>
    </p>
   </div>
   <div class='ocr_carea' id='block_1_3' title="bbox 601 1226 790 1286">
    <p class='ocr_par' dir='ltr' id='par_1_3' title="bbox 601 1226 790 1286">
     <span class='ocr_line' id='line_1_8' title="bbox 601 1226 790 1286; baseline 0 0"><span class='ocrx_word' id='word_1_27' title='bbox 601 1228 685 1286; x_wconf 87' lang='lat' dir='ltr'>ODE</span> <span class='ocrx_word' id='word_1_28' title='bbox 704 1226 790 1286; x_wconf 88' lang='lat' dir='ltr'>XIV.</span> 
     </span>
    </p>
   </div>
   <div class='ocr_carea' id='block_1_4' title="bbox 561 1359 830 1406">
    <p class='ocr_par' dir='ltr' id='par_1_4' title="bbox 561 1359 830 1406">
     <span class='ocr_line' id='line_1_9' title="bbox 561 1359 830 1406; baseline -0.007 -2"><span class='ocrx_word' id='word_1_29' title='bbox 561 1364 691 1406; x_wconf 80' lang='lat' dir='ltr'>AUGUSTI</span> <span class='ocrx_word' id='word_1_30' title='bbox 705 1359 830 1404; x_wconf 70' lang='lat' dir='ltr'>nauum.</span> 
     </span>
    </p>
   </div>
   <div class='ocr_carea' id='block_1_5' title="bbox 332 1463 961 3971">
    <p class='ocr_par' dir='ltr' id='par_1_5' title="bbox 354 1463 912 1698">
     <span class='ocr_line' id='line_1_10' title="bbox 354 1463 901 1540; baseline -0.005 -16"><span class='ocrx_word' id='word_1_31' title='bbox 354 1466 487 1524; x_wconf 81' lang='lat' dir='ltr'>Pntnnus</span> <span class='ocrx_word' id='word_1_32' title='bbox 500 1465 640 1522; x_wconf 80' lang='lat' dir='ltr'>volentem</span> <span class='ocrx_word' id='word_1_33' title='bbox 653 1463 752 1539; x_wconf 86' lang='lat' dir='ltr'>proelia</span> <span class='ocrx_word' id='word_1_34' title='bbox 765 1483 812 1522; x_wconf 89' lang='lat' dir='ltr'>me</span> <span class='ocrx_word' id='word_1_35' title='bbox 825 1464 901 1540; x_wconf 93' lang='lat' dir='ltr'>loqui</span> 
     </span>
     <span class='ocr_line' id='line_1_11' title="bbox 354 1543 831 1619; baseline -0.004 -16"><span class='ocrx_word' id='word_1_36' title='bbox 354 1545 454 1603; x_wconf 86' lang='lat' dir='ltr'>Victus</span> <span class='ocrx_word' id='word_1_37' title='bbox 467 1556 496 1602; x_wconf 90' lang='lat' dir='ltr'>et</span> <span class='ocrx_word' id='word_1_38' title='bbox 508 1545 593 1601; x_wconf 90' lang='lat' dir='ltr'>urbes</span> <span class='ocrx_word' id='word_1_39' title='bbox 607 1543 749 1618; x_wconf 80' lang='lat' dir='ltr'><strong>increpuit</strong></span> <span class='ocrx_word' id='word_1_40' title='bbox 761 1544 831 1619; x_wconf 69' lang='lat' dir='ltr'>lyra,</span> 
     </span>
     <span class='ocr_line' id='line_1_12' title="bbox 394 1621 912 1698; baseline 0 -17"><span class='ocrx_word' id='word_1_41' title='bbox 394 1622 442 1681; x_wconf 90' lang='lat' dir='ltr'>Ne</span> <span class='ocrx_word' id='word_1_42' title='bbox 455 1641 541 1698; x_wconf 83' lang='lat' dir='ltr'>parra</span> <span class='ocrx_word' id='word_1_43' title='bbox 554 1621 738 1697; x_wconf 88' lang='lat' dir='ltr'>Tyrrhenum</span> <span class='ocrx_word' id='word_1_44' title='bbox 752 1641 803 1697; x_wconf 88' lang='lat' dir='ltr'>per</span> <span class='ocrx_word' id='word_1_45' title='bbox 817 1642 912 1698; x_wconf 79' lang='lat' dir='ltr'>aequor</span> 
     </span>
    </p>

    <p class='ocr_par' dir='ltr' id='par_1_6' title="bbox 355 1699 941 1855">
     <span class='ocr_line' id='line_1_13' title="bbox 431 1699 941 1774; baseline 0.004 -16"><span class='ocrx_word' id='word_1_46' title='bbox 431 1701 505 1758; x_wconf 89' lang='lat' dir='ltr'>Vela</span> <span class='ocrx_word' id='word_1_47' title='bbox 518 1702 623 1758; x_wconf 86' lang='lat' dir='ltr'>darem.</span> <span class='ocrx_word' id='word_1_48' title='bbox 658 1699 735 1771; x_wconf 86' lang='lat' dir='ltr'>Tua,</span> <span class='ocrx_word' id='word_1_49' title='bbox 750 1700 857 1774; x_wconf 84' lang='lat' dir='ltr'>Caesar,</span> <span class='ocrx_word' id='word_1_50' title='bbox 872 1713 941 1760; x_wconf 80' lang='lat' dir='ltr'>aetas</span> 
     </span>
     <span class='ocr_line' id='line_1_14' title="bbox 355 1779 841 1855; baseline -0.002 -18"><span class='ocrx_word' id='word_1_51' title='bbox 355 1781 466 1855; x_wconf 82' lang='lat' dir='ltr'>Fruges</span> <span class='ocrx_word' id='word_1_52' title='bbox 479 1790 508 1836; x_wconf 85' lang='lat' dir='ltr'>et</span> <span class='ocrx_word' id='word_1_53' title='bbox 521 1780 596 1855; x_wconf 85' lang='lat' dir='ltr'>agris</span> <span class='ocrx_word' id='word_1_54' title='bbox 610 1779 717 1835; x_wconf 87' lang='lat' dir='ltr'>rettulit</span> <span class='ocrx_word' id='word_1_55' title='bbox 730 1779 841 1851; x_wconf 85' lang='lat' dir='ltr'>uberes,</span> 
     </span>
    </p>

    <p class='ocr_par' dir='ltr' id='par_1_7' title="bbox 354 1855 837 2012">
     <span class='ocr_line' id='line_1_15' title="bbox 354 1855 812 1933; baseline 0.002 -19"><span class='ocrx_word' id='word_1_56' title='bbox 354 1857 393 1916; x_wconf 80' lang='lat' dir='ltr'>Et</span> <span class='ocrx_word' id='word_1_57' title='bbox 406 1858 488 1933; x_wconf 87' lang='lat' dir='ltr'>signa</span> <span class='ocrx_word' id='word_1_58' title='bbox 501 1869 598 1914; x_wconf 86' lang='lat' dir='ltr'>nostro</span> <span class='ocrx_word' id='word_1_59' title='bbox 611 1857 734 1913; x_wconf 85' lang='lat' dir='ltr'>restituit</span> <span class='ocrx_word' id='word_1_60' title='bbox 747 1855 812 1915; x_wconf 84' lang='lat' dir='ltr'>Jovi</span> 
     </span>
     <span class='ocr_line' id='line_1_16' title="bbox 393 1936 837 2012; baseline 0 -19"><span class='ocrx_word' id='word_1_61' title='bbox 393 1936 513 2012; x_wconf 91' lang='lat' dir='ltr'>Direpta</span> <span class='ocrx_word' id='word_1_62' title='bbox 526 1936 694 1993; x_wconf 71' lang='lat' dir='ltr'>Parthorum</span> <span class='ocrx_word' id='word_1_63' title='bbox 709 1936 837 2011; x_wconf 87' lang='lat' dir='ltr'>superbis</span> 
     </span>
    </p>

    <p class='ocr_par' dir='ltr' id='par_1_8' title="bbox 353 2015 925 2249">
     <span class='ocr_line' id='line_1_17' title="bbox 432 2015 925 2085; baseline 0 -13"><span class='ocrx_word' id='word_1_64' title='bbox 432 2015 575 2085; x_wconf 79' lang='lat' dir='ltr'>Postibus,</span> <span class='ocrx_word' id='word_1_65' title='bbox 589 2027 618 2072; x_wconf 88' lang='lat' dir='ltr'>et</span> <span class='ocrx_word' id='word_1_66' title='bbox 632 2033 754 2072; x_wconf 87' lang='lat' dir='ltr'>vacuum</span> <span class='ocrx_word' id='word_1_67' title='bbox 768 2015 870 2073; x_wconf 85' lang='lat' dir='ltr'>duellis</span> <span class='ocrx_word' id='word_1_68' title='bbox 921 2033 925 2041; x_wconf 70' lang='lat'>¹</span> 
     </span>
     <span class='ocr_line' id='line_1_18' title="bbox 353 2093 900 2165; baseline -0.004 -13"><span class='ocrx_word' id='word_1_69' title='bbox 353 2094 459 2152; x_wconf 84' lang='lat' dir='ltr'>Janum</span> <span class='ocrx_word' id='word_1_70' title='bbox 472 2093 590 2156; x_wconf 81' lang='lat' dir='ltr'>Quirini</span> <span class='ocrx_word' id='word_1_71' title='bbox 605 2094 715 2165; x_wconf 86' lang='lat' dir='ltr'>clausit,</span> <span class='ocrx_word' id='word_1_72' title='bbox 730 2104 759 2150; x_wconf 90' lang='lat' dir='ltr'>et</span> <span class='ocrx_word' id='word_1_73' title='bbox 770 2095 900 2151; x_wconf 85' lang='lat' dir='ltr'>ordinem</span> 
     </span>
     <span class='ocr_line' id='line_1_19' title="bbox 354 2172 890 2249; baseline -0.006 -18"><span class='ocrx_word' id='word_1_74' title='bbox 354 2173 482 2231; x_wconf 89' lang='lat' dir='ltr'>Rectum</span> <span class='ocrx_word' id='word_1_75' title='bbox 495 2185 525 2230; x_wconf 87' lang='lat' dir='ltr'>et</span> <span class='ocrx_word' id='word_1_76' title='bbox 538 2175 651 2249; x_wconf 85' lang='lat' dir='ltr'>vaganti</span> <span class='ocrx_word' id='word_1_77' title='bbox 666 2173 753 2229; x_wconf 84' lang='lat' dir='ltr'>fraena</span> <span class='ocrx_word' id='word_1_78' title='bbox 766 2172 890 2230; x_wconf 80' lang='lat' dir='ltr'>licentiae</span> 
     </span>
    </p>

    <p class='ocr_par' dir='ltr' id='par_1_9' title="bbox 393 2251 800 2328">
     <span class='ocr_line' id='line_1_20' title="bbox 393 2251 800 2328; baseline -0.007 -19"><span class='ocrx_word' id='word_1_79' title='bbox 393 2252 506 2328; x_wconf 86' lang='lat' dir='ltr'>Injccit,</span> <span class='ocrx_word' id='word_1_80' title='bbox 520 2253 679 2327; x_wconf 87' lang='lat' dir='ltr'>amovitque</span> <span class='ocrx_word' id='word_1_81' title='bbox 693 2251 800 2326; x_wconf 90' lang='lat' dir='ltr'>culpas,</span> 
     </span>
    </p>

    <p class='ocr_par' dir='ltr' id='par_1_10' title="bbox 431 2330 842 2402">
     <span class='ocr_line' id='line_1_21' title="bbox 431 2330 842 2402; baseline -0.002 -14"><span class='ocrx_word' id='word_1_82' title='bbox 431 2331 470 2388; x_wconf 88' lang='lat' dir='ltr'>Et</span> <span class='ocrx_word' id='word_1_83' title='bbox 483 2342 592 2389; x_wconf 85' lang='lat' dir='ltr'>veteres</span> <span class='ocrx_word' id='word_1_84' title='bbox 605 2330 745 2388; x_wconf 87' lang='lat' dir='ltr'>revocavit</span> <span class='ocrx_word' id='word_1_85' title='bbox 759 2340 842 2402; x_wconf 87' lang='lat' dir='ltr'>artes,</span> 
     </span>
    </p>

    <p class='ocr_par' dir='ltr' id='par_1_11' title="bbox 353 2407 895 2640">
     <span class='ocr_line' id='line_1_22' title="bbox 353 2407 895 2485; baseline -0.006 -17"><span class='ocrx_word' id='word_1_86' title='bbox 353 2411 408 2468; x_wconf 90' lang='lat' dir='ltr'>Per</span> <span class='ocrx_word' id='word_1_87' title='bbox 422 2429 492 2485; x_wconf 87' lang='lat' dir='ltr'>quas</span> <span class='ocrx_word' id='word_1_88' title='bbox 506 2409 641 2468; x_wconf 90' lang='lat' dir='ltr'>Latinum</span> <span class='ocrx_word' id='word_1_89' title='bbox 655 2427 760 2466; x_wconf 87' lang='lat' dir='ltr'>nomen</span> <span class='ocrx_word' id='word_1_90' title='bbox 773 2419 802 2466; x_wconf 88' lang='lat' dir='ltr'>et</span> <span class='ocrx_word' id='word_1_91' title='bbox 815 2407 895 2466; x_wconf 75' lang='lat' dir='ltr'>luta</span> 
     </span>
     <span class='ocr_line' id='line_1_23' title="bbox 353 2487 871 2564; baseline -0.006 -17"><span class='ocrx_word' id='word_1_92' title='bbox 353 2489 477 2547; x_wconf 72' lang='lat' dir='ltr'>Crevdre</span> <span class='ocrx_word' id='word_1_93' title='bbox 491 2489 574 2560; x_wconf 87' lang='lat' dir='ltr'>vires,</span> <span class='ocrx_word' id='word_1_94' title='bbox 588 2490 717 2563; x_wconf 89' lang='lat' dir='ltr'>famaque</span> <span class='ocrx_word' id='word_1_95' title='bbox 728 2499 757 2545; x_wconf 90' lang='lat' dir='ltr'>et</span> <span class='ocrx_word' id='word_1_96' title='bbox 770 2487 871 2564; x_wconf 83' lang='lat' dir='ltr'>imperi</span> 
     </span>
     <span class='ocr_line' id='line_1_24' title="bbox 392 2568 828 2640; baseline -0.007 -15"><span class='ocrx_word' id='word_1_97' title='bbox 392 2568 526 2625; x_wconf 75' lang='lat' dir='ltr'>Porrecto</span> <span class='ocrx_word' id='word_1_98' title='bbox 539 2568 671 2640; x_wconf 85' lang='lat' dir='ltr'>majestas</span> <span class='ocrx_word' id='word_1_99' title='bbox 686 2568 721 2622; x_wconf 91' lang='lat' dir='ltr'>ad</span> <span class='ocrx_word' id='word_1_100' title='bbox 735 2579 828 2622; x_wconf 92' lang='lat' dir='ltr'>ortum</span> 
     </span>
    </p>

    <p class='ocr_par' dir='ltr' id='par_1_12' title="bbox 353 2643 883 2875">
     <span class='ocr_line' id='line_1_25' title="bbox 431 2643 818 2718; baseline -0.005 -16"><span class='ocrx_word' id='word_1_101' title='bbox 431 2645 505 2703; x_wconf 86' lang='lat' dir='ltr'>Solis</span> <span class='ocrx_word' id='word_1_102' title='bbox 519 2646 554 2701; x_wconf 93' lang='lat' dir='ltr'>ab</span> <span class='ocrx_word' id='word_1_103' title='bbox 568 2643 710 2718; x_wconf 88' lang='lat' dir='ltr'>Hesperio</span> <span class='ocrx_word' id='word_1_104' title='bbox 723 2644 818 2700; x_wconf 91' lang='lat' dir='ltr'>cubili.</span> 
     </span>
     <span class='ocr_line' id='line_1_26' title="bbox 353 2721 883 2795; baseline -0.006 -12"><span class='ocrx_word' id='word_1_105' title='bbox 353 2725 479 2783; x_wconf 85' lang='lat' dir='ltr'>Custode</span> <span class='ocrx_word' id='word_1_106' title='bbox 490 2741 583 2780; x_wconf 89' lang='lat' dir='ltr'>rerum</span> <span class='ocrx_word' id='word_1_107' title='bbox 597 2721 723 2795; x_wconf 69' lang='lat' dir='ltr'>Caesare,</span> <span class='ocrx_word' id='word_1_108' title='bbox 737 2741 795 2779; x_wconf 91' lang='lat' dir='ltr'>non</span> <span class='ocrx_word' id='word_1_109' title='bbox 808 2723 883 2780; x_wconf 90' lang='lat' dir='ltr'>furor</span> 
     </span>
     <span class='ocr_line' id='line_1_27' title="bbox 353 2802 817 2875; baseline -0.004 -15"><span class='ocrx_word' id='word_1_110' title='bbox 353 2803 461 2875; x_wconf 84' lang='lat' dir='ltr'>Civilis,</span> <span class='ocrx_word' id='word_1_111' title='bbox 476 2813 526 2860; x_wconf 85' lang='lat' dir='ltr'>aut</span> <span class='ocrx_word' id='word_1_112' title='bbox 538 2803 580 2859; x_wconf 89' lang='lat' dir='ltr'>vis</span> <span class='ocrx_word' id='word_1_113' title='bbox 593 2802 699 2859; x_wconf 89' lang='lat' dir='ltr'>eximet</span> <span class='ocrx_word' id='word_1_114' title='bbox 712 2802 817 2872; x_wconf 90' lang='lat' dir='ltr'>otium;</span> 
     </span>
    </p>

    <p class='ocr_par' dir='ltr' id='par_1_13' title="bbox 392 2881 852 2958">
     <span class='ocr_line' id='line_1_28' title="bbox 392 2881 852 2958; baseline 0.002 -21"><span class='ocrx_word' id='word_1_115' title='bbox 392 2881 460 2939; x_wconf 92' lang='lat' dir='ltr'>Nou</span> <span class='ocrx_word' id='word_1_116' title='bbox 474 2883 525 2952; x_wconf 92' lang='lat' dir='ltr'>ira,</span> <span class='ocrx_word' id='word_1_117' title='bbox 539 2899 602 2956; x_wconf 78' lang='lat' dir='ltr'>quae</span> <span class='ocrx_word' id='word_1_118' title='bbox 616 2883 746 2958; x_wconf 82' lang='lat' dir='ltr'>procudit</span> <span class='ocrx_word' id='word_1_119' title='bbox 759 2901 852 2953; x_wconf 88' lang='lat' dir='ltr'>enses,</span> 
     </span>
    </p>

    <p class='ocr_par' dir='ltr' id='par_1_14' title="bbox 430 2959 847 3018">
     <span class='ocr_line' id='line_1_29' title="bbox 430 2959 847 3018; baseline 0.007 -4"><span class='ocrx_word' id='word_1_120' title='bbox 430 2959 468 3015; x_wconf 89' lang='lat' dir='ltr'>Et</span> <span class='ocrx_word' id='word_1_121' title='bbox 481 2961 599 3016; x_wconf 87' lang='lat' dir='ltr'>miseras</span> <span class='ocrx_word' id='word_1_122' title='bbox 612 2961 741 3018; x_wconf 90' lang='lat' dir='ltr'>inimicat</span> <span class='ocrx_word' id='word_1_123' title='bbox 754 2962 847 3017; x_wconf 89' lang='lat' dir='ltr'>urbes.</span> 
     </span>
    </p>

    <p class='ocr_par' dir='ltr' id='par_1_15' title="bbox 332 3036 961 3270">
     <span class='ocr_line' id='line_1_30' title="bbox 351 3036 961 3112; baseline 0.008 -18"><span class='ocrx_word' id='word_1_124' title='bbox 351 3036 420 3095; x_wconf 92' lang='lat' dir='ltr'>Non</span> <span class='ocrx_word' id='word_1_125' title='bbox 434 3038 482 3112; x_wconf 87' lang='lat' dir='ltr'>qui</span> <span class='ocrx_word' id='word_1_126' title='bbox 495 3037 666 3112; x_wconf 79' lang='lat' dir='ltr'>profundum</span> <span class='ocrx_word' id='word_1_127' title='bbox 681 3039 845 3096; x_wconf 75' lang='lat' dir='ltr'>Danubium</span> <span class='ocrx_word' id='word_1_128' title='bbox 860 3039 961 3099; x_wconf 89' lang='lat' dir='ltr'>bibunt</span> 
     </span>
     <span class='ocr_line' id='line_1_31' title="bbox 351 3116 870 3194; baseline 0 -20"><span class='ocrx_word' id='word_1_129' title='bbox 351 3116 454 3174; x_wconf 90' lang='lat' dir='ltr'>Edicta</span> <span class='ocrx_word' id='word_1_130' title='bbox 464 3129 597 3194; x_wconf 90' lang='lat' dir='ltr'>rumpent</span> <span class='ocrx_word' id='word_1_131' title='bbox 610 3117 629 3173; x_wconf 87' lang='lat' dir='ltr'><strong>J</strong></span> <span class='ocrx_word' id='word_1_132' title='bbox 631 3118 697 3189; x_wconf 90' lang='lat' dir='ltr'>ulia,</span> <span class='ocrx_word' id='word_1_133' title='bbox 711 3137 767 3176; x_wconf 91' lang='lat' dir='ltr'>non</span> <span class='ocrx_word' id='word_1_134' title='bbox 778 3119 870 3190; x_wconf 77' lang='lat' dir='ltr'>Getas,</span> 
     </span>
     <span class='ocr_line' id='line_1_32' title="bbox 332 3195 818 3270; baseline -0.006 -14"><span class='ocrx_word' id='word_1_135' title='bbox 332 3249 333 3256; x_wconf 72' lang='grc'>,</span> <span class='ocrx_word' id='word_1_136' title='bbox 391 3195 462 3253; x_wconf 93' lang='lat' dir='ltr'>Non</span> <span class='ocrx_word' id='word_1_137' title='bbox 477 3198 571 3269; x_wconf 86' lang='lat' dir='ltr'>Seres,</span> <span class='ocrx_word' id='word_1_138' title='bbox 586 3197 701 3254; x_wconf 84' lang='lat' dir='ltr'>infidive</span> <span class='ocrx_word' id='word_1_139' title='bbox 714 3197 818 3270; x_wconf 71' lang='lat' dir='ltr'>Perse,</span> 
     </span>
    </p>

    <p class='ocr_par' dir='ltr' id='par_1_16' title="bbox 352 3274 935 3510">
     <span class='ocr_line' id='line_1_33' title="bbox 430 3274 935 3351; baseline -0.002 -19"><span class='ocrx_word' id='word_1_140' title='bbox 430 3274 498 3334; x_wconf 91' lang='lat' dir='ltr'>Non</span> <span class='ocrx_word' id='word_1_141' title='bbox 515 3275 639 3334; x_wconf 82' lang='lat' dir='ltr'>Tanaim</span> <span class='ocrx_word' id='word_1_142' title='bbox 653 3294 738 3351; x_wconf 87' lang='lat' dir='ltr'>prope</span> <span class='ocrx_word' id='word_1_143' title='bbox 754 3275 858 3333; x_wconf 86' lang='lat' dir='ltr'>flumen</span> <span class='ocrx_word' id='word_1_144' title='bbox 873 3275 935 3332; x_wconf 89' lang='lat' dir='ltr'>orti.</span> 
     </span>
     <span class='ocr_line' id='line_1_34' title="bbox 352 3352 932 3430; baseline -0.003 -20"><span class='ocrx_word' id='word_1_145' title='bbox 352 3352 470 3430; x_wconf 89' lang='lat' dir='ltr'>Nosque</span> <span class='ocrx_word' id='word_1_146' title='bbox 484 3364 512 3411; x_wconf 91' lang='lat' dir='ltr'>et</span> <span class='ocrx_word' id='word_1_147' title='bbox 524 3355 654 3429; x_wconf 87' lang='lat' dir='ltr'>profestis</span> <span class='ocrx_word' id='word_1_148' title='bbox 667 3355 778 3409; x_wconf 89' lang='lat' dir='ltr'>lucibus</span> <span class='ocrx_word' id='word_1_149' title='bbox 791 3364 822 3411; x_wconf 89' lang='lat' dir='ltr'>et</span> <span class='ocrx_word' id='word_1_150' title='bbox 834 3353 932 3426; x_wconf 77' lang='lat' dir='ltr'>sacriS,</span> 
     </span>
     <span class='ocr_line' id='line_1_35' title="bbox 352 3430 786 3510; baseline 0 -22"><span class='ocrx_word' id='word_1_151' title='bbox 352 3430 434 3490; x_wconf 89' lang='lat' dir='ltr'>Inter</span> <span class='ocrx_word' id='word_1_152' title='bbox 445 3433 535 3510; x_wconf 90' lang='lat' dir='ltr'>jocosi</span> <span class='ocrx_word' id='word_1_153' title='bbox 549 3450 666 3488; x_wconf 86' lang='lat' dir='ltr'>munera</span> <span class='ocrx_word' id='word_1_154' title='bbox 681 3431 786 3502; x_wconf 89' lang='lat' dir='ltr'>Liberi,</span> 
     </span>
    </p>

    <p class='ocr_par' dir='ltr' id='par_1_17' title="bbox 351 3509 933 3743">
     <span class='ocr_line' id='line_1_36' title="bbox 392 3509 889 3586; baseline -0.006 -17"><span class='ocrx_word' id='word_1_155' title='bbox 392 3512 466 3569; x_wconf 85' lang='lat' dir='ltr'>Cum</span> <span class='ocrx_word' id='word_1_156' title='bbox 481 3511 558 3586; x_wconf 90' lang='lat' dir='ltr'>prole</span> <span class='ocrx_word' id='word_1_157' title='bbox 572 3509 763 3584; x_wconf 82' lang='lat' dir='ltr'>matronisque</span> <span class='ocrx_word' id='word_1_158' title='bbox 778 3511 889 3581; x_wconf 87' lang='lat' dir='ltr'>nostris,</span> 
     </span>
     <span class='ocr_line' id='line_1_37' title="bbox 430 3585 839 3664; baseline -0.002 -18"><span class='ocrx_word' id='word_1_159' title='bbox 430 3588 500 3646; x_wconf 71' lang='lat' dir='ltr'>Rite</span> <span class='ocrx_word' id='word_1_160' title='bbox 515 3589 583 3646; x_wconf 90' lang='lat' dir='ltr'>deos</span> <span class='ocrx_word' id='word_1_161' title='bbox 596 3585 674 3664; x_wconf 75' lang='lat' dir='ltr'>priris</span> <span class='ocrx_word' id='word_1_162' title='bbox 688 3590 839 3664; x_wconf 82' lang='lat' dir='ltr'>apprecati,</span> 
     </span>
     <span class='ocr_line' id='line_1_38' title="bbox 351 3665 933 3743; baseline 0.003 -21"><span class='ocrx_word' id='word_1_163' title='bbox 351 3665 463 3724; x_wconf 89' lang='lat' dir='ltr'>Virtute</span> <span class='ocrx_word' id='word_1_164' title='bbox 478 3666 598 3738; x_wconf 83' lang='lat' dir='ltr'>functos,</span> <span class='ocrx_word' id='word_1_165' title='bbox 609 3686 687 3724; x_wconf 86' lang='lat' dir='ltr'>more</span> <span class='ocrx_word' id='word_1_166' title='bbox 700 3678 820 3743; x_wconf 90' lang='lat' dir='ltr'>patrum,</span> <span class='ocrx_word' id='word_1_167' title='bbox 835 3665 933 3740; x_wconf 82' lang='lat' dir='ltr'>duces,</span> 
     </span>
    </p>

    <p class='ocr_par' dir='ltr' id='par_1_18' title="bbox 352 3742 914 3971">
     <span class='ocr_line' id='line_1_39' title="bbox 352 3742 811 3818; baseline 0 -18"><span class='ocrx_word' id='word_1_168' title='bbox 352 3742 440 3818; x_wconf 87' lang='lat' dir='ltr'>Lydis</span> <span class='ocrx_word' id='word_1_169' title='bbox 453 3746 572 3802; x_wconf 87' lang='lat' dir='ltr'>remixto</span> <span class='ocrx_word' id='word_1_170' title='bbox 585 3747 711 3803; x_wconf 90' lang='lat' dir='ltr'>carmine</span> <span class='ocrx_word' id='word_1_171' title='bbox 725 3746 811 3818; x_wconf 88' lang='lat' dir='ltr'>tibiis,</span> 
     </span>
     <span class='ocr_line' id='line_1_40' title="bbox 391 3821 914 3896; baseline 0.002 -19"><span class='ocrx_word' id='word_1_172' title='bbox 391 3821 562 3896; x_wconf 78' lang='lat' dir='ltr'>Trojamque</span> <span class='ocrx_word' id='word_1_173' title='bbox 576 3834 605 3880; x_wconf 89' lang='lat' dir='ltr'>et</span> <span class='ocrx_word' id='word_1_174' title='bbox 619 3825 776 3894; x_wconf 84' lang='lat' dir='ltr'>Anchisen,</span> <span class='ocrx_word' id='word_1_175' title='bbox 791 3833 820 3880; x_wconf 88' lang='lat' dir='ltr'>et</span> <span class='ocrx_word' id='word_1_176' title='bbox 833 3822 914 3879; x_wconf 83' lang='lat' dir='ltr'>almae</span> 
     </span>
     <span class='ocr_line' id='line_1_41' title="bbox 430 3898 889 3971; baseline 0.004 -17"><span class='ocrx_word' id='word_1_177' title='bbox 430 3898 599 3971; x_wconf 86' lang='lat' dir='ltr'>Progeniem</span> <span class='ocrx_word' id='word_1_178' title='bbox 613 3901 734 3958; x_wconf 84' lang='lat' dir='ltr'>Veneris</span> <span class='ocrx_word' id='word_1_179' title='bbox 745 3919 889 3958; x_wconf 89' lang='lat' dir='ltr'>canemus.</span> 
     </span>
    </p>
   </div>
   <div class='ocr_carea' id='block_1_6' title="bbox 0 0 1382 4366">
    <p class='ocr_par' dir='ltr' id='par_1_19' title="bbox 0 0 1382 4366">
     <span class='ocr_line' id='line_1_42' title="bbox 0 0 1382 4366; baseline 0 1"><span class='ocrx_word' id='word_1_180' title='bbox 0 0 1382 4366; x_wconf 95' lang='lat' dir='ltr'> </span> 
     </span>
    </p>
   </div>
  </div>
 </body>
</html>
