2756 4366
555 279 756 332 cnRMINUM
772 279 838 328 Lm.
856 282 879 330 1.

610 501 696 563 one
715 505 817 566 xxx.
921 465 923 468 ¹

544 639 586 682 Ab
595 639 730 683 nomon
743 641 897 684 NUfflDffl.

500 738 547 799 Ex
561 741 644 832 titupe
658 753 687 800 et
700 743 804 808 fidibus
808 743 895 834 juvet

383 821 502 882 Plaeare
522 831 552 878 et
564 821 909 910 titolisanguinedehito

471 886 477 912 ⁸
502 898 643 960 Custodes
656 901 687 958 N
689 903 792 960 umidae
805 904 885 973 deos,

283 979 287 988 '
323 971 326 978 ’
384 977 447 1042 Qui
459 997 539 1036 nuno
553 977 694 1056 Hesperii
708 1001 805 1058 sospes
819 982 855 1039 ab
868 978 969 1040 ultimi

505 1055 588 1114 Garis
601 1059 690 1116 mults
702 1061 855 1132 sodalibus,

384 1133 467 1194 Nulli
479 1134 562 1212 plura
575 1138 786 1210 tamen‚dividit
798 1138 906 1210 osouls,

502 1210 603 1275 Qutm
617 1215 693 1272 dulci
708 1215 836 1287 Lamie3
857 1234 965 1276 memor

385 1294 469 1353 Aotae
481 1311 540 1351 non
554 1292 609 1352 alio
623 1310 690 1370 rego
703 1295 833 1371 puertiae,

503 1371 678 1448 Mutataeque
692 1374 776 1432 simul
791 1385 873 1451 togae.

384 1451 489 1512 Cressis
502 1471 540 1509 ne
554 1451 650 1510 eareat
662 1453 782 1528 pulchra
795 1455 856 1512 dies
865 1453 956 1524 ,nott3

502 1528 570 1588 Neu
583 1543 719 1607 promptae
733 1534 835 1592 modus
849 1534 1011 1609 amphorae:

384 1607 452 1668 Neu
466 1629 573 1668 morem
586 1611 617 1667 in
632 1611 741 1669 satiem
755 1614 792 1671 sit
804 1613 916 1688 requies
926 1612 1049 1688 pedum:

505 1687 572 1746 Neu
587 1690 668 1746 multi
681 1689 811 1748 Damalis
824 1692 896 1748 meri

385 1765 505 1824 Bassum
519 1766 660 1823 Threioid
674 1769 770 1825 vinost
783 1769 938 1842 amystide:

505 1841 573 1900 Neu
587 1843 681 1900 desint
694 1845 786 1920 epulis
799 1864 880 1916 roste,

386 1920 455 1980 Neu
468 1921 549 1980 vivax
562 1922 668 1998 apium,
682 1923 835 1993 neuxbreve
848 1924 949 1983 lilium.

574 2111 874 2124 —n--nnm

610 2237 694 2299 ODE
714 2240 832 2302 XXXI.

627 2377 668 2415 An
682 2378 822 2419 somnes.

404 2474 495 2534 Nono
506 2484 551 2534 est
563 2475 730 2551 bibendum,
745 2498 824 2538 nuno
837 2481 909 2556 pede
922 2481 1011 2540 libero

405 2554 550 2612 Pulsanda
563 2556 662 2627 tellus;
683 2575 762 2616 nune
777 2559 934 2626 Sdisribus

451 2633 563 2692 Ornars
577 2635 706 2711 pulvinar
720 2638 838 2696 deorum

481 2712 612 2790 Tempus
625 2726 686 2774 erat
698 2717 828 2792 dapibus,
843 2718 961 2775 sodales.

404 2791 539 2850 Antehac
552 2794 632 2850 nefas
645 2796 810 2870 depromere
824 2794 982 2853 Caeoubum

405 2869 495 2926 Cellis
508 2871 599 2941 avitis,
615 2872 683 2927 dum
697 2872 838 2949 Capitolio

444 2947 561 3024 Regina
574 2948 721 3008 dementes
734 2951 840 3026 ruinas,

484 3025 584 3084 Funus
598 3040 626 3086 et
636 3030 754 3106 imperio
768 3033 895 3108 parabat,

407 3104 608 3163 contaminato
621 3125 688 3163 oum
701 3127 789 3182 grege
801 3111 926 3184 turpium

405 3182 508 3242 Morbo
521 3183 653 3254 virorum,
667 3184 805 3258 quidlibet
818 3187 959 3261 impotens

446 3263 578 3339 sperare,
593 3261 761 3338 fortunisque
775 3262 853 3321 dnloi
901 3307 905 3312 .

483 3340 579 3398 Ebria.
621 3341 679 3400 Sed
693 3342 796 3402 minuit
810 3343 934 3400 furorem

405 3421 463 3479 Vix
475 3440 535 3478 una
548 3441 645 3498 sospes
659 3423 739 3481 navis
753 3424 790 3481 ab
803 3423 811 3480 i
832 3422 918 3480 nibus
930 3440 936 3477 :

406 3499 591 3576 Montemque
605 3501 777 3578 lymphatam
826 3499 950 3559 sreotioo

443 3578 571 3656 Redegit
583 3581 612 3639 in
628 3601 709 3639 veros
723 3582 839 3639 timores

420 3663 422 3666 ’
486 3658 593 3731 Cesar,
607 3660 644 3716 sb
657 3659 741 3718 Italis
755 3659 896 3717 volantem

407 3735 510 3795 Remis
524 3738 677 3814 adurgens,
692 3737 826 3812 accipiter
840 3738 915 3797 velut

406 3811 509 3872 Molles
522 3815 678 3889 columbas,
693 3827 741 3874 sut
754 3817 877 3895 leporem
891 3817 965 3876 citus
