2756 4366
501 335 533 394 Q.
549 333 696 384 nostru
712 333 837 386 FLAGCI

582 555 666 614 onn
679 555 750 614 vu.
786 515 789 520 ’

562 692 602 732 Η)
616 693 766 733 LlclNlutt.

327 769 467 852 lincurius
480 792 569 864 vives‚'
581 791 687 865 Letoi,
700 811 793 867 neque
807 792 894 851 altum

328 871 447 948 Semper
460 871 601 948 urgendo,
613 889 717 946 neque,
731 872 799 930 dur'n
813 871 951 947 procellos

327 948 438 1008 Cautus
451 951 600 1023 horrescis,
612 947 734 1008 nimium
747 950 906 1025 premendo

524 1027 619 1086 Littus
639 1029 779 1102 iniquum.

327 1106 457 1167 Aureum
470 1106 597 1180 quisquis
610 1102 835 1164 mediocritatem

327 1183 440 1260 Diligit,
453 1194 531 1241 tutus
545 1195 623 1244 earet
635 1184 754 1243 obsoleti

328 1262 466 1322 Sordibus
479 1263 558 1333 teeti,
572 1272 649 1318 curet
662 1261 817 1320 invidendi

525 1340 644 1398 Sobrius
658 1339 732 1396 suli.

327 1417 439 1482 Serius
448 1418 543 1476 uentis
556 1419 678 1496 agitetur
692 1419 795 1496 ingens

327 1497 431 1557 Pinus:
452 1509 482 1556 et
495 1497 578 1555 eelsae
592 1497 720 1574 graviore
734 1515 803 1555 essu
929 1528 934 1544 ι

327 1575 475 1636 Deoidunt
487 1587 593 1635 turres:
613 1576 774 1652 feriuntque
787 1593 913 1635 summos
937 1571 943 1593 '

524 1654 653 1732 Fulgura
665 1666 785 1714 montes

327 1734 561 1810 Sperot'insestis,
575 1734 676 1792 metuit
690 1735 833 1806 secundis,

275 1834 280 1843 ¹
327 1812 458 1872 Alteram
471 1824 575 1872 sortem
588 1813 663 1870 bene
677 1823 865 1890 prosperatum

327 1891 442 1952 Pectus.
476 1891 616 1952 Iulormes
630 1892 739 1950 hiemes
752 1892 865 1949 reduoit
925 1927 930 1963 ,1
998 1927 1001 1930 -

525 1969 646 2047 Jupiter,
662 1969 739 2028 idem
925 1979 928 1984 '

327 2049 491 2108 Submovet
525 2048 606 2128 Non,
619 2050 643 2105 si
657 2046 732 2106 mele
746 2065 836 2121 nuno,
849 2058 878 2105 et
890 2048 959 2106 olim

327 2127 378 2184 Sie
391 2127 463 2184 erit:
481 2127 623 2198 quondum
636 2127 747 2180 either&
760 2137 905 2180 tenentem

326 2203 453 2262 Susoitet
466 2201 591 2272 Musam,
605 2219 698 2275 neque
712 2219 823 2277 semper
836 2218 935 2258 eroum

523 2277 642 2350 Tendit,
656 2277 770 2354 Apollo,

326 2358 428 2418 Rebus
442 2358 570 2435 angustis
583 2357 728 2416 animosus
741 2368 827 2434 etque

326 2436 421 2496 Fortis
434 2456 554 2516 appare:
575 2437 717 2513 supienter
729 2437 806 2497 idem
988 2505 992 2514 ⁵

326 2515 486 2577 contrahes
499 2527 585 2574 vento
596 2513 717 2574 nimiirm
731 2515 858 2574 seeund*
933 2530 947 2560 -2
968 2525 983 2560 Ἀ

523 2593 655 2674 Turgide
669 2595 739 2652 velo.
966 2619 971 2628 =

571 2910 656 2968 ODE
676 2909 763 2968 Vlll.

544 3047 585 3086 un
599 3047 781 3091 ourucrruu.

326 3148 415 3210 Qum
425 3146 578 3205 bellicosus
591 3146 746 3219 Cantaber,
760 3156 788 3206 et
802 3147 936 3224 Scythes,

328 3225 451 3302 Hirpine
465 3224 599 3298 Quincti,
613 3226 729 3303 cogitet,
744 3225 855 3283 Hadritl

238 3367 244 3378 ,
368 3303 484 3363 Divisus
497 3303 618 3380 objecto,
632 3305 760 3362 remittes
867 3325 873 3334 ·

406 3383 568 3445 Quaerere:
587 3399 642 3439 neo
655 3382 778 3456 trepides
792 3381 822 3437 in
836 3398 920 3437 usum

330 3461 478 3520 Poseentis
492 3461 543 3518 aevi
556 3478 656 3537 pnuoa.
690 3457 778 3535 Fugit
790 3469 865 3516 retro

329 3538 414 3596 Levis
427 3539 445 3596 J
447 3551 575 3612 urentes,
588 3549 617 3598 et
629 3537 734 3610 Decor,
748 3537 827 3596 aridi

369 3617 496 3676 Pellente
510 3619 630 3676 lascivos
644 3618 765 3675 Amores

409 3695 535 3766 Canitie,
548 3697 717 3772 facilemque
731 3696 881 3752 Somnum.

330 3771 399 3830 Non
413 3791 523 3848 semper
536 3774 613 3830 idem
627 3775 743 3834 floribus
753 3785 796 3832 est
810 3775 899 3832 honor

331 3850 435 3909 Vernis
446 3871 454 3920 ;
475 3869 567 3926 neque
581 3871 642 3912 uno
653 3853 737 3912 Luna
750 3853 855 3912 rubens
869 3853 941 3912 nitet
