2756 4366
536 349 567 403 Q.
585 347 732 396 nomn
749 349 874 401 runem

363 491 419 549 irc
433 489 582 564 Thyesten
596 490 684 548 exitio
697 491 776 564 gravi

365 568 513 639 Stravir03
534 578 564 627 et
577 567 641 626 altis
655 569 772 629 urbibus
785 570 892 630 ultime

442 645 555 706 sumre
568 665 663 705 cause
677 665 728 707 cur
742 651 868 725 perirent

522 725 674 800 Funditus,
688 728 918 806 imprimeretque
930 733 1020 794 muris
1157 738 1197 797 2⁰

362 806 475 866 Hostile
488 817 611 865 aratrum
625 809 767 866 exercitus
780 809 914 868 insolens.

362 887 521 963 Compesce
535 897 669 944 mentem.
711 887 762 945 Me
775 908 886 964 quoque
899 892 1023 968 pectoris

440 965 578 1024 Teutavit
590 966 620 1023 iu
634 967 713 1025 dulci
723 967 842 1044 juventi

521 1043 637 1118 Feruor,
651 1055 681 1102 et
693 1047 724 1103 iu
738 1047 849 1106 celeres
861 1048 971 1109 iambos

362 1123 443 1182 Misit
456 1125 613 1182 furentem:
634 1143 714 1183 nunc
727 1145 782 1201 ego
795 1127 911 1184 mitibus

361 1202 475 1262 Mutare
490 1222 585 1278 quero
599 1204 698 1275 tristia,
713 1206 782 1260 dum
795 1205 866 1262 milri

440 1281 508 1339 Fies
521 1281 674 1338 recantatis
687 1281 782 1339 amica

517 1358 694 1436 opprobriis,
709 1361 893 1439 animumque
905 1363 1017 1425 reddas.

611 1676 696 1736 ODE
715 1677 783 1738 XV.

561 1812 601 1851 AD
622 1813 836 1852 ramesmere.

353 1893 618 1973 Vnnox'amoelrum
632 1909 707 1988 saepe
721 1903 896 1971 Lucretilem

771 1989 777 2004 0

358 1992 570 2068 MutatlLycao
584 1991 712 2064 Faunus,
727 1983 885 2148 et'prqqeam

383 2136 386 2141 ⁸
438 2069 575 2130 Defendit
589 2082 764 2130 estatemca
821 2073 846 2131 is
886 2143 887 2151 ἵ

441 2197 444 2222 ,
514 2145 610 2224 Usque
621 2151 703 2220 meis,
717 2149 882 2226 pluvio'sque
896 2163 1001 2212 ventos.

355 2225 478 2307 Impune
492 2237 584 2284 tutum
598 2247 648 2304 per
662 2247 764 2286 narnus
778 2230 892 2287 arbutos
1167 2238 1187 2296 ὅ

354 2309 499 2372 Quarum
511 2307 632 2364 latentes
645 2317 675 2364 et
687 2308 786 2383 thyma
798 2309 888 2365 deviae

338 2402 342 2408 ·
435 2385 548 2444 Olentis
562 2405 664 2444 uxores
677 2387 788 2457 mariti3

512 2463 542 2522 N
544 2485 578 2523 cc
591 2466 695 2522 virides
709 2477 840 2525 metuunt
854 2466 995 2541 colubras,

354 2545 421 2604 Nec
435 2545 582 2602 Martiales
596 2545 732 2601 haeduleae
745 2544 845 2621 lupos;

353 2624 505 2699 Utcunque
519 2623 606 2695 dulci,
621 2621 761 2697 Tyndari,
776 2623 871 2682 fistula

430 2702 528 2760 Valles
540 2713 569 2759 et
583 2701 688 2760 Usticae
701 2703 834 2760 cubantis

512 2781 601 2840 Levia
613 2780 787 2858 personuere
801 2801 877 2841 saxa.

347 2861 386 2920 Di
401 2881 446 2919 me
460 2871 593 2919 tuentur:
615 2861 660 2918 dis
673 2862 763 2937 pietas
777 2881 841 2922 moa

352 2941 390 2999 Et
404 2938 489 2998 Musa
502 2941 582 2998 cordi
595 2949 646 2996 est.
688 2939 748 2997 Hic
762 2941 814 2998 tibi
827 2940 910 3018 copia

432 3017 562 3076 Manebit
575 3020 612 3076 ad
625 3019 743 3094 plenum
757 3020 882 3096 benigno
1146 3024 1183 3082 15

509 3098 599 3156 Ruris
613 3099 753 3156 honorum
765 3099 901 3175 opulenta
913 3117 1012 3158 cornu

352 3178 456 3240 Hicin
470 3177 589 3242 reducta
603 3177 674 3234 valle
688 3177 836 3235 Canicula

351 3258 465 3319 vitabis
479 3269 579 3326 aestus3
600 3267 629 3314 et
642 3257 698 3314 fide
712 3255 791 3314 Teis

430 3337 517 3395 Dices
531 3336 690 3404 laborantes
703 3336 733 3393 in
747 3355 805 3394 uno

460 3443 468 3462 κ
508 3415 670 3490 Penelopen
685 3415 857 3490 vitreamque
871 3413 986 3475 Circen.

354 3494 410 3552 Hic
424 3495 584 3554 innocentis
597 3493 700 3570 pocula
712 3493 809 3550 Lesbii

349 3571 447 3630 Duces
460 3575 513 3631 sub
528 3574 644 3631 umbra:
667 3592 721 3630 nec
736 3573 895 3630 Semeleius

430 3651 505 3708 Cum
519 3651 612 3710 Marte
627 3651 788 3723 confundet,
797 3650 955 3726 Thyoneus

506 3729 625 3802 Proelia;
640 3750 695 3788 nec
709 3739 819 3786 metues
832 3740 982 3805 protervos.
