2704 4362
198 307 252 368 ,ῃ
519 302 552 358 o.
570 295 716 349 nonum
734 297 858 348 resecr

233 465 351 508 noscere
357 445 527 506 mendacem
540 459 695 520 rerumque
708 442 809 500 bertus
818 443 954 502 ornicum.

206 521 211 532 ⁸
233 527 292 599 Tu,
307 545 358 584 seu
372 523 497 598 dendris,
508 541 559 582 sen
571 523 641 600 quid
655 523 762 581 donare
774 522 845 580 velis
858 523 915 596 cni,

182 669 186 678 ,
234 607 332 665 Nolito
345 605 382 663 sd
396 621 493 662 versus
506 603 558 661 tibi
570 603 659 662 furtos
673 602 779 659 ducere
812 601 910 660 lenum

233 685 368 756 Laetitiae;
390 683 524 742 clamabit
538 683 627 755 enirn,
647 686 665 714 ‘⁸
681 681 822 740 Pulchre!
843 681 933 740 benel
954 679 1035 742 rectd
1048 682 1081 738 l”

234 764 373 822 Pallesoet
385 779 470 840 super
484 761 546 832 iris3
566 762 653 820 etium
668 759 785 818 stillabit
798 761 898 822 etnicis

233 843 278 900 Ex
291 843 382 900 oculis
395 859 489 900 rorem
496 861 504 913 ;
525 841 615 913 ssliet,
629 840 730 898 tundet
742 839 816 917 pede
828 849 940 898 terrem.

140 983 143 990 Δ
233 922 281 996 Ut,
295 922 345 997 qui
356 920 493 980 ccndncti
505 920 617 996 plorent
626 920 661 978 'in
676 919 784 992 funere,
799 917 899 976 dicunt
951 963 953 966 .

233 1001 272 1060 Et
285 1001 394 1060 scciunt
406 996 495 1076 prope
509 999 591 1075 pluro
604 998 765 1056 dolentibus
778 1015 814 1055 ex
827 997 939 1070 snim03
960 999 1002 1058 sic

233 1079 349 1138 Derisor
363 1099 430 1138 vcro
440 1076 507 1155 plus
519 1078 666 1136 laudatore
680 1087 832 1135 movetur:

234 1161 332 1236 Reges
346 1158 480 1216 dicuntur
493 1157 590 1214 multis
602 1175 705 1232 urgere
716 1155 839 1228 culullis,

234 1239 272 1298 Et
285 1250 414 1316 torquere
428 1253 515 1307 mern,
529 1253 614 1311 quern
627 1235 803 1310 perspexisse
812 1226 954 1309 laborent,

234 1321 283 1376 An
295 1318 330 1374 sit
344 1315 470 1374 amicitie
484 1315 604 1390 dignus:
627 1313 651 1370 si
665 1313 793 1372 carmine
807 1314 922 1390 condes,
1017 1350 1020 1356 ·

234 1396 394 1472 Nunquam
407 1405 436 1452 te
450 1392 547 1450 ilrllnnt
557 1392 646 1450 enimi
660 1391 713 1450 sub
728 1393 812 1470 vulpe
827 1392 956 1452 intentes.

231 1529 237 1538 ,
271 1474 433 1538 Quinctilio
446 1473 470 1530 si
483 1472 551 1548 quid
564 1472 708 1544 recitares,
723 1475 742 1502 ‘⁴
753 1470 883 1549 corrige,
896 1473 988 1548 sodes,

235 1555 328 1627 Hoc,”
345 1553 447 1626 aiebat,
463 1555 481 1584 ‘¹
496 1551 623 1610 ethocss’
665 1549 772 1610 Melius
785 1561 814 1608 te
826 1571 909 1627 posse
923 1571 1043 1632 negares

235 1631 285 1692 Bis
298 1645 395 1708 terque
406 1641 557 1708 expertum
572 1628 694 1701 metri}
716 1630 811 1688 delere
822 1629 950 1708 jubebat,

235 1713 273 1772 Et
285 1709 360 1770 male
374 1721 500 1770 tornatos
513 1709 612 1770 incudi
626 1709 745 1768 reddere
759 1727 862 1768 versus.

236 1793 268 1851 Si
281 1791 434 1850 defendere
449 1789 595 1861 delictum,
609 1785 695 1864 quim
709 1799 827 1861 vertere,
841 1790 949 1866 malles,

235 1871 355 1928 Nullum
370 1867 444 1927 ultrd
458 1869 585 1941 verbum,
600 1879 649 1926 cut
659 1887 772 1946 opernm
786 1869 917 1928 sumebat
929 1871 1054 1946 inanem,
1100 1913 1103 1918 -

233 1950 316 2013 Quin
329 1950 392 2006 sine
404 1947 486 2006 rivoli
500 1957 583 2024 teque
597 1957 626 2005 et
638 1958 688 2005 tun
701 1948 777 2005 solus
791 1966 911 2019 emeres..
1088 1963 1090 1970 ’

236 2030 287 2087 Vir
301 2029 393 2086 bonus
406 2038 435 2086 et
447 2027 573 2104 prudens
586 2035 684 2084 versus
694 2027 882 2104 reprehendet
895 2028 1009 2104 inertes,

236 2106 369 2182 Culpabit
381 2108 476 2177 duros,
491 2105 643 2182 incomptis
656 2106 753 2164 allinet
767 2118 858 2164 atrum

236 2185 410 2242 Transverso
424 2185 534 2242 calerno
547 2185 671 2260 signum,
686 2185 835 2243 ambitiosa
848 2185 957 2245 recidet

234 2264 420 2334 Ornamentu,
431 2281 531 2338 perum
545 2262 629 2320 elutis
643 2263 738 2321 lucem
753 2266 821 2324 dure
834 2277 927 2342 coget,

236 2345 346 2419 Arguet
359 2338 493 2417 ambigue
509 2341 626 2414 dictum,
641 2344 779 2402 mutanda
792 2345 919 2404 notabit:

235 2421 299 2480 Fiet
313 2419 514 2492 Aristarchus3
536 2439 596 2479 non
607 2421 694 2495 dicet,
715 2428 733 2454 ‘¹
749 2423 810 2482 Cur
820 2442 875 2500 ego
885 2425 1009 2484 amicum

183 2558 187 2568 ,
234 2501 387 2560 Offendsm
397 2501 432 2560 in
446 2501 531 2578 nugis
541 2499 578 2558 i'’
613 2501 669 2560 He
680 2520 764 2578 nugae
779 2503 853 2562 serio
866 2505 973 2562 ducent

205 2630 209 2640 .
234 2579 270 2636 In
284 2580 358 2636 malo
372 2578 497 2636 derisum
510 2579 597 2637 semel
607 2591 813 2658 exceptumque
827 2580 950 2642 sinistre.

274 2657 313 2716 Ut
326 2657 401 2716 mela
413 2675 497 2732 quern
511 2658 622 2718 scabies
635 2671 685 2718 eut
697 2659 813 2717 morbus
826 2661 922 2738 regius
936 2673 1028 2742 urget,

235 2738 297 2796 Aut
310 2736 450 2795 fanaticus
463 2755 549 2809 error,
564 2748 593 2795 et
606 2738 745 2797 iracunda
758 2737 870 2812 Diunn;

235 2817 382 2874 Vesunum
395 2816 522 2892 tetigisse
535 2817 635 2878 timent
649 2818 816 2896 iirgiuntque
829 2823 952 2898 poetam,

234 2895 296 2958 Qui
311 2897 439 2971 sapiunt;
461 2897 569 2972 agitent
581 2898 673 2973 pueri,
688 2897 851 2974 incautique
862 2910 1027 2976 sequuntur.

236 2973 305 3047 Hic,
316 2975 385 3032 dum
399 2973 535 3031 sublimes
548 2993 645 3034 versus
658 2988 794 3050 ructetur,
809 2989 838 3036 et
852 2991 935 3051 erret,

234 3053 268 3114 Si
281 3053 366 3112 veluti
380 3052 495 3110 merulis
509 3053 636 3113 intentus
646 3055 752 3113 decidit
767 3075 872 3132 auceps

236 3132 272 3190 ln
286 3144 403 3210 puteum
418 3132 571 3205 foveamve,
586 3131 664 3206 licet,
680 3139 698 3166 ‘⁶
714 3135 908 3207 Succurrite‚”
923 3137 1040 3215 longum

236 3211 358 3285 Clamet,
373 3215 392 3244 “
406 3209 440 3268 Io
453 3211 530 3268 cives
540 3212 546 3268 l
557 3212 574 3238 ’'
596 3231 653 3270 non
668 3214 704 3272 sit
717 3215 766 3289 qui
779 3214 877 3272 tollere
892 3227 980 3276 curet.

237 3291 269 3349 Si
283 3301 364 3349 curet
377 3289 440 3365 quis
452 3309 536 3367 opem
551 3289 624 3348 ferre
637 3302 666 3348 et
679 3293 828 3351 demittere
843 3293 957 3370 limem„

236 3375 254 3434 ξ’
266 3368 399 3431 Qut'sois
408 3389 449 3440 ¹un
463 3370 588 3444 prudens
602 3369 658 3426 huc
672 3389 703 3428 se
718 3371 862 3448 dejecerit,
877 3383 959 3448 atque

236 3448 349 3506 Servari
360 3449 450 3506 noliti
460 3450 476 3475 ’²
492 3449 586 3506 dicum
598 3468 605 3519 ;
627 3447 773 3526 Siculique
785 3455 879 3527 podtae

236 3525 267 3582 N
268 3527 366 3584 urrnbo
380 3526 542 3584 interitum:
563 3531 582 3560 ‘⁴
597 3529 667 3585 deus
678 3528 843 3588 immortalis
853 3529 951 3589 haberi

237 3601 314 3660 Dum
328 3606 406 3680 cupit
420 3605 618 3682 Empedocles,
632 3609 778 3668 ardentem
792 3607 911 3684 frigidus
925 3609 1043 3668 AEtnam

237 3678 359 3739 Insiluit.
401 3685 445 3742 Sit
454 3684 511 3761 jus,
525 3685 664 3763 liceatque
677 3689 768 3763 perire
781 3689 892 3763 poetis:

194 3767 197 3774 ’
237 3755 362 3816 invitum
375 3762 423 3834 qui
437 3773 538 3835 servat,
553 3763 629 3823 idem
645 3766 712 3824 fucit
724 3765 887 3826 occidenti:
