<?xml version="1.0" encoding="UTF-8"?>
<!DOCTYPE html PUBLIC "-//W3C//DTD XHTML 1.0 Transitional//EN"
    "http://www.w3.org/TR/xhtml1/DTD/xhtml1-transitional.dtd">
<html xmlns="http://www.w3.org/1999/xhtml" xml:lang="en" lang="en">
 <head>
  <title>
</title>
<meta http-equiv="Content-Type" content="text/html;charset=utf-8" />
  <meta name='ocr-system' content='tesseract 3.04.00' />
  <meta name='ocr-capabilities' content='ocr_page ocr_carea ocr_par ocr_line ocrx_word'/>
</head>
<body>
  <div class='ocr_page' id='page_1' title='image "./operaacceduntcl00horagoog_0090.png"; bbox 0 0 2706 4362; ppageno 0'>
   <div class='ocr_carea' id='block_1_1' title="bbox 544 367 815 424">
    <p class='ocr_par' dir='ltr' id='par_1_1' title="bbox 544 367 815 424">
     <span class='ocr_line' id='line_1_1' title="bbox 544 367 815 424; baseline -0.007 0"><span class='ocrx_word' id='word_1_1' title='bbox 544 368 684 424; x_wconf 74' lang='lat' dir='ltr'>brunon</span> <span class='ocrx_word' id='word_1_2' title='bbox 702 367 815 424; x_wconf 74' lang='lat' dir='ltr'><strong>LIBER.</strong></span> 
     </span>
    </p>
   </div>
   <div class='ocr_carea' id='block_1_2' title="bbox 343 511 1047 2952">
    <p class='ocr_par' dir='ltr' id='par_1_2' title="bbox 343 511 1047 2952">
     <span class='ocr_line' id='line_1_2' title="bbox 498 511 889 592; baseline -0.008 -18"><span class='ocrx_word' id='word_1_3' title='bbox 498 515 566 574; x_wconf 88' lang='lat' dir='ltr'>Dux</span> <span class='ocrx_word' id='word_1_4' title='bbox 580 518 661 592; x_wconf 82' lang='lat' dir='ltr'>sugit,</span> <span class='ocrx_word' id='word_1_5' title='bbox 675 515 746 574; x_wconf 88' lang='lat' dir='ltr'>ustis</span> <span class='ocrx_word' id='word_1_6' title='bbox 760 511 889 587; x_wconf 87' lang='lat' dir='ltr'>navibus,</span> 
     </span>
     <span class='ocr_line' id='line_1_3' title="bbox 343 594 915 670; baseline -0.003 -16"><span class='ocrx_word' id='word_1_7' title='bbox 343 594 471 655; x_wconf 75' lang='lat' dir='ltr'><strong>Minatus</strong></span> <span class='ocrx_word' id='word_1_8' title='bbox 484 597 548 652; x_wconf 89' lang='lat' dir='ltr'>urbi</span> <span class='ocrx_word' id='word_1_9' title='bbox 562 596 664 666; x_wconf 84' lang='lat' dir='ltr'>vincla,</span> <span class='ocrx_word' id='word_1_10' title='bbox 678 613 741 670; x_wconf 74' lang='lat' dir='ltr'>qun</span> <span class='ocrx_word' id='word_1_11' title='bbox 755 595 915 652; x_wconf 78' lang='lat' dir='ltr'>detraxerat</span> 
     </span>
     <span class='ocr_line' id='line_1_4' title="bbox 501 673 864 749; baseline -0.006 -17"><span class='ocrx_word' id='word_1_12' title='bbox 501 675 597 732; x_wconf 82' lang='lat' dir='ltr'>Servis</span> <span class='ocrx_word' id='word_1_13' title='bbox 610 676 719 730; x_wconf 89' lang='lat' dir='ltr'>amicus</span> <span class='ocrx_word' id='word_1_14' title='bbox 729 673 864 749; x_wconf 62' lang='lat' dir='ltr'>perfidis?</span> 
     </span>
     <span class='ocr_line' id='line_1_5' title="bbox 344 749 933 830; baseline -0.007 -18"><span class='ocrx_word' id='word_1_15' title='bbox 344 753 504 825; x_wconf 64' lang='lat' dir='ltr'>Romanus</span> <span class='ocrx_word' id='word_1_16' title='bbox 519 753 610 810; x_wconf 81' lang='lat' dir='ltr'>eheu!</span> <span class='ocrx_word' id='word_1_17' title='bbox 634 752 751 828; x_wconf 87' lang='lat' dir='ltr'>(posteri</span> <span class='ocrx_word' id='word_1_18' title='bbox 762 751 902 826; x_wconf 80' lang='lat' dir='ltr'>negabitis</span> <span class='ocrx_word' id='word_1_19' title='bbox 911 749 933 830; x_wconf 83' lang='lat' dir='ltr'>i)</span> 
     </span>
     <span class='ocr_line' id='line_1_6' title="bbox 504 830 856 907; baseline -0.006 -19"><span class='ocrx_word' id='word_1_20' title='bbox 504 830 709 907; x_wconf 83' lang='lat' dir='ltr'>Emancipatus</span> <span class='ocrx_word' id='word_1_21' title='bbox 723 830 856 903; x_wconf 78' lang='lat' dir='ltr'>soeminae,</span> 
     </span>
     <span class='ocr_line' id='line_1_7' title="bbox 344 908 998 985; baseline -0.003 -17"><span class='ocrx_word' id='word_1_22' title='bbox 344 909 414 968; x_wconf 83' lang='lat' dir='ltr'>Fert</span> <span class='ocrx_word' id='word_1_23' title='bbox 426 911 531 967; x_wconf 82' lang='lat' dir='ltr'>vellum</span> <span class='ocrx_word' id='word_1_24' title='bbox 544 921 573 966; x_wconf 91' lang='lat' dir='ltr'>et</span> <span class='ocrx_word' id='word_1_25' title='bbox 587 929 665 966; x_wconf 80' lang='lat' dir='ltr'>arma</span> <span class='ocrx_word' id='word_1_26' title='bbox 678 908 769 980; x_wconf 80' lang='lat' dir='ltr'>miles,</span> <span class='ocrx_word' id='word_1_27' title='bbox 784 921 812 966; x_wconf 86' lang='lat' dir='ltr'>et</span> <span class='ocrx_word' id='word_1_28' title='bbox 826 909 998 985; x_wconf 77' lang='lat' dir='ltr'>spadonibus</span> 
     </span>
     <span class='ocr_line' id='line_1_8' title="bbox 503 987 859 1062; baseline 0.003 -18"><span class='ocrx_word' id='word_1_29' title='bbox 503 989 614 1045; x_wconf 86' lang='lat' dir='ltr'>Servire</span> <span class='ocrx_word' id='word_1_30' title='bbox 628 987 737 1062; x_wconf 86' lang='lat' dir='ltr'>rugosis</span> <span class='ocrx_word' id='word_1_31' title='bbox 750 999 841 1062; x_wconf 89' lang='lat' dir='ltr'>potest</span> <span class='ocrx_word' id='word_1_32' title='bbox 852 1008 859 1056; x_wconf 93' lang='lat'>;</span> 
     </span>
     <span class='ocr_line' id='line_1_9' title="bbox 349 1067 821 1144; baseline 0 -21"><span class='ocrx_word' id='word_1_33' title='bbox 349 1067 485 1144; x_wconf 82' lang='lat' dir='ltr'>Interque</span> <span class='ocrx_word' id='word_1_34' title='bbox 500 1068 583 1142; x_wconf 87' lang='lat' dir='ltr'>signa</span> <span class='ocrx_word' id='word_1_35' title='bbox 596 1077 678 1141; x_wconf 88' lang='lat' dir='ltr'>turpe</span> <span class='ocrx_word' id='word_1_36' title='bbox 690 1067 821 1123; x_wconf 81' lang='lat' dir='ltr'>militarie</span> 
     </span>
     <span class='ocr_line' id='line_1_10' title="bbox 502 1145 862 1221; baseline -0.006 -19"><span class='ocrx_word' id='word_1_37' title='bbox 502 1146 551 1203; x_wconf 84' lang='lat' dir='ltr'>Sol</span> <span class='ocrx_word' id='word_1_38' title='bbox 566 1145 688 1221; x_wconf 79' lang='lat' dir='ltr'>adspicit</span> <span class='ocrx_word' id='word_1_39' title='bbox 701 1146 862 1221; x_wconf 89' lang='lat' dir='ltr'>conopium.</span> 
     </span>
     <span class='ocr_line' id='line_1_11' title="bbox 344 1223 1032 1299; baseline 0 -18"><span class='ocrx_word' id='word_1_40' title='bbox 344 1224 392 1282; x_wconf 85' lang='lat' dir='ltr'>Ad</span> <span class='ocrx_word' id='word_1_41' title='bbox 407 1225 461 1282; x_wconf 88' lang='lat' dir='ltr'>hoc</span> <span class='ocrx_word' id='word_1_42' title='bbox 474 1224 626 1282; x_wconf 84' lang='lat' dir='ltr'>frementes</span> <span class='ocrx_word' id='word_1_43' title='bbox 641 1235 784 1281; x_wconf 89' lang='lat' dir='ltr'>verterunt</span> <span class='ocrx_word' id='word_1_44' title='bbox 799 1224 841 1280; x_wconf 92' lang='lat' dir='ltr'>bis</span> <span class='ocrx_word' id='word_1_45' title='bbox 855 1223 931 1281; x_wconf 87' lang='lat' dir='ltr'>mille</span> <span class='ocrx_word' id='word_1_46' title='bbox 945 1239 1032 1299; x_wconf 89' lang='lat' dir='ltr'>equos</span> 
     </span>
     <span class='ocr_line' id='line_1_12' title="bbox 501 1303 914 1374; baseline -0.002 -14"><span class='ocrx_word' id='word_1_47' title='bbox 501 1303 588 1374; x_wconf 82' lang='lat' dir='ltr'>Galli,</span> <span class='ocrx_word' id='word_1_48' title='bbox 602 1311 740 1362; x_wconf 80' lang='lat' dir='ltr'>canentes</span> <span class='ocrx_word' id='word_1_49' title='bbox 754 1303 914 1372; x_wconf 87' lang='lat' dir='ltr'>Caesarem;</span> 
     </span>
     <span class='ocr_line' id='line_1_13' title="bbox 343 1382 880 1456; baseline -0.006 -16"><span class='ocrx_word' id='word_1_50' title='bbox 343 1382 552 1456; x_wconf 80' lang='lat' dir='ltr'>Hostilirnnque</span> <span class='ocrx_word' id='word_1_51' title='bbox 566 1382 680 1440; x_wconf 89' lang='lat' dir='ltr'>navium</span> <span class='ocrx_word' id='word_1_52' title='bbox 695 1393 776 1456; x_wconf 88' lang='lat' dir='ltr'>portu</span> <span class='ocrx_word' id='word_1_53' title='bbox 790 1383 880 1439; x_wconf 84' lang='lat' dir='ltr'>latent</span> 
     </span>
     <span class='ocr_line' id='line_1_14' title="bbox 501 1458 908 1537; baseline 0.005 -20"><span class='ocrx_word' id='word_1_54' title='bbox 501 1461 614 1537; x_wconf 88' lang='lat' dir='ltr'>Puppes</span> <span class='ocrx_word' id='word_1_55' title='bbox 628 1458 821 1518; x_wconf 74' lang='lat' dir='ltr'>sinistrorsum</span> <span class='ocrx_word' id='word_1_56' title='bbox 835 1463 908 1519; x_wconf 84' lang='lat' dir='ltr'>citae.</span> 
     </span>
     <span class='ocr_line' id='line_1_15' title="bbox 343 1539 864 1617; baseline -0.004 -19"><span class='ocrx_word' id='word_1_57' title='bbox 343 1539 376 1598; x_wconf 92' lang='lat' dir='ltr'>Io</span> <span class='ocrx_word' id='word_1_58' title='bbox 390 1540 566 1617; x_wconf 87' lang='lat' dir='ltr'>Triumphe!</span> <span class='ocrx_word' id='word_1_59' title='bbox 588 1552 618 1596; x_wconf 87' lang='lat' dir='ltr'>tu</span> <span class='ocrx_word' id='word_1_60' title='bbox 633 1540 750 1612; x_wconf 83' lang='lat' dir='ltr'>moraris</span> <span class='ocrx_word' id='word_1_61' title='bbox 764 1559 864 1597; x_wconf 83' lang='lat' dir='ltr'>aureos</span> 
     </span>
     <span class='ocr_line' id='line_1_16' title="bbox 501 1619 914 1690; baseline 0.002 -14"><span class='ocrx_word' id='word_1_62' title='bbox 501 1620 620 1690; x_wconf 77' lang='lat' dir='ltr'>CurruS,</span> <span class='ocrx_word' id='word_1_63' title='bbox 634 1630 663 1675; x_wconf 88' lang='lat' dir='ltr'>et</span> <span class='ocrx_word' id='word_1_64' title='bbox 677 1619 797 1675; x_wconf 69' lang='lat' dir='ltr'>intectas</span> <span class='ocrx_word' id='word_1_65' title='bbox 811 1620 914 1677; x_wconf 87' lang='lat' dir='ltr'>boves:</span> 
     </span>
     <span class='ocr_line' id='line_1_17' title="bbox 344 1696 943 1773; baseline 0.002 -20"><span class='ocrx_word' id='word_1_66' title='bbox 344 1697 378 1755; x_wconf 93' lang='lat' dir='ltr'>Io</span> <span class='ocrx_word' id='word_1_67' title='bbox 392 1696 568 1773; x_wconf 73' lang='lat' dir='ltr'>Triumphe!</span> <span class='ocrx_word' id='word_1_68' title='bbox 590 1715 645 1753; x_wconf 91' lang='lat' dir='ltr'>nec</span> <span class='ocrx_word' id='word_1_69' title='bbox 660 1696 832 1771; x_wconf 85' lang='lat' dir='ltr'>Jugurthino</span> <span class='ocrx_word' id='word_1_70' title='bbox 846 1715 943 1772; x_wconf 88' lang='lat' dir='ltr'>parem</span> 
     </span>
     <span class='ocr_line' id='line_1_18' title="bbox 504 1774 880 1848; baseline 0 -18"><span class='ocrx_word' id='word_1_71' title='bbox 504 1774 583 1830; x_wconf 89' lang='lat' dir='ltr'>Bello</span> <span class='ocrx_word' id='word_1_72' title='bbox 596 1775 746 1848; x_wconf 60' lang='lat' dir='ltr'>reportasti</span> <span class='ocrx_word' id='word_1_73' title='bbox 760 1775 862 1831; x_wconf 91' lang='lat' dir='ltr'>ducem</span> <span class='ocrx_word' id='word_1_74' title='bbox 873 1795 880 1842; x_wconf 93' lang='lat'>;</span> 
     </span>
     <span class='ocr_line' id='line_1_19' title="bbox 345 1852 989 1929; baseline 0 -19"><span class='ocrx_word' id='word_1_75' title='bbox 345 1852 448 1929; x_wconf 89' lang='lat' dir='ltr'>Neque</span> <span class='ocrx_word' id='word_1_76' title='bbox 463 1852 610 1924; x_wconf 79' lang='lat' dir='ltr'>Africano,</span> <span class='ocrx_word' id='word_1_77' title='bbox 625 1853 672 1908; x_wconf 91' lang='lat' dir='ltr'>cui</span> <span class='ocrx_word' id='word_1_78' title='bbox 687 1871 770 1928; x_wconf 88' lang='lat' dir='ltr'>super</span> <span class='ocrx_word' id='word_1_79' title='bbox 786 1852 989 1928; x_wconf 84' lang='lat' dir='ltr'>Carthaginem</span> 
     </span>
     <span class='ocr_line' id='line_1_20' title="bbox 503 1931 926 2006; baseline 0 -18"><span class='ocrx_word' id='word_1_80' title='bbox 503 1931 601 1988; x_wconf 87' lang='lat' dir='ltr'>Virtus</span> <span class='ocrx_word' id='word_1_81' title='bbox 615 1932 775 2006; x_wconf 89' lang='lat' dir='ltr'>sepulcrum</span> <span class='ocrx_word' id='word_1_82' title='bbox 790 1932 926 1988; x_wconf 85' lang='lat' dir='ltr'>condidit.</span> 
     </span>
     <span class='ocr_line' id='line_1_21' title="bbox 345 2010 911 2084; baseline 0 -16"><span class='ocrx_word' id='word_1_83' title='bbox 345 2010 439 2068; x_wconf 70' lang='lat' dir='ltr'>Terris</span> <span class='ocrx_word' id='word_1_84' title='bbox 453 2010 579 2084; x_wconf 88' lang='lat' dir='ltr'>marique</span> <span class='ocrx_word' id='word_1_85' title='bbox 595 2011 684 2066; x_wconf 88' lang='lat' dir='ltr'>victus</span> <span class='ocrx_word' id='word_1_86' title='bbox 698 2010 786 2066; x_wconf 90' lang='lat' dir='ltr'>hostis</span> <span class='ocrx_word' id='word_1_87' title='bbox 800 2010 911 2068; x_wconf 88' lang='lat' dir='ltr'>Punico</span> 
     </span>
     <span class='ocr_line' id='line_1_22' title="bbox 502 2089 899 2165; baseline 0 -19"><span class='ocrx_word' id='word_1_88' title='bbox 502 2089 636 2164; x_wconf 87' lang='lat' dir='ltr'>Lugubre</span> <span class='ocrx_word' id='word_1_89' title='bbox 651 2090 769 2146; x_wconf 84' lang='lat' dir='ltr'>mutavit</span> <span class='ocrx_word' id='word_1_90' title='bbox 783 2109 899 2165; x_wconf 87' lang='lat' dir='ltr'>sagum;</span> 
     </span>
     <span class='ocr_line' id='line_1_23' title="bbox 344 2167 1005 2242; baseline -0.002 -15"><span class='ocrx_word' id='word_1_91' title='bbox 344 2169 406 2227; x_wconf 89' lang='lat' dir='ltr'>Aut</span> <span class='ocrx_word' id='word_1_92' title='bbox 419 2167 465 2226; x_wconf 87' lang='lat' dir='ltr'>ille</span> <span class='ocrx_word' id='word_1_93' title='bbox 480 2179 595 2226; x_wconf 89' lang='lat' dir='ltr'>centum</span> <span class='ocrx_word' id='word_1_94' title='bbox 610 2168 733 2226; x_wconf 88' lang='lat' dir='ltr'>nobilem</span> <span class='ocrx_word' id='word_1_95' title='bbox 749 2168 864 2226; x_wconf 84' lang='lat' dir='ltr'>Cretam</span> <span class='ocrx_word' id='word_1_96' title='bbox 879 2169 1005 2242; x_wconf 88' lang='lat' dir='ltr'>urbibus,</span> 
     </span>
     <span class='ocr_line' id='line_1_24' title="bbox 501 2246 862 2317; baseline -0.003 -14"><span class='ocrx_word' id='word_1_97' title='bbox 501 2246 603 2304; x_wconf 89' lang='lat' dir='ltr'>Ventis</span> <span class='ocrx_word' id='word_1_98' title='bbox 617 2248 708 2304; x_wconf 88' lang='lat' dir='ltr'>iturus</span> <span class='ocrx_word' id='word_1_99' title='bbox 721 2267 779 2304; x_wconf 92' lang='lat' dir='ltr'>non</span> <span class='ocrx_word' id='word_1_100' title='bbox 794 2248 862 2317; x_wconf 83' lang='lat' dir='ltr'>suis,</span> 
     </span>
     <span class='ocr_line' id='line_1_25' title="bbox 343 2325 888 2402; baseline 0.002 -18"><span class='ocrx_word' id='word_1_101' title='bbox 343 2325 521 2385; x_wconf 82' lang='lat' dir='ltr'>Exercitatas</span> <span class='ocrx_word' id='word_1_102' title='bbox 535 2337 583 2383; x_wconf 89' lang='lat' dir='ltr'>aut</span> <span class='ocrx_word' id='word_1_103' title='bbox 597 2327 667 2402; x_wconf 81' lang='lat' dir='ltr'>petii</span> <span class='ocrx_word' id='word_1_104' title='bbox 682 2327 779 2401; x_wconf 88' lang='lat' dir='ltr'>Syrtes</span> <span class='ocrx_word' id='word_1_105' title='bbox 793 2326 821 2383; x_wconf 93' lang='lat' dir='ltr'>N</span> <span class='ocrx_word' id='word_1_106' title='bbox 824 2339 888 2397; x_wconf 92' lang='lat' dir='ltr'>ot0;</span> 
     </span>
     <span class='ocr_line' id='line_1_26' title="bbox 502 2406 957 2478; baseline 0.004 -17"><span class='ocrx_word' id='word_1_107' title='bbox 502 2406 563 2462; x_wconf 87' lang='lat' dir='ltr'>Aut</span> <span class='ocrx_word' id='word_1_108' title='bbox 577 2406 664 2462; x_wconf 84' lang='lat' dir='ltr'>fertur</span> <span class='ocrx_word' id='word_1_109' title='bbox 678 2407 787 2462; x_wconf 86' lang='lat' dir='ltr'>incerto</span> <span class='ocrx_word' id='word_1_110' title='bbox 802 2407 881 2464; x_wconf 89' lang='lat' dir='ltr'>mari.</span> <span class='ocrx_word' id='word_1_111' title='bbox 954 2469 957 2478; x_wconf 35' lang='lat'><strong>¹</strong></span> 
     </span>
     <span class='ocr_line' id='line_1_27' title="bbox 346 2484 921 2561; baseline -0.003 -19"><span class='ocrx_word' id='word_1_112' title='bbox 346 2485 519 2560; x_wconf 85' lang='lat' dir='ltr'>Capaciores</span> <span class='ocrx_word' id='word_1_113' title='bbox 533 2484 601 2540; x_wconf 84' lang='lat' dir='ltr'>affer</span> <span class='ocrx_word' id='word_1_114' title='bbox 616 2485 682 2554; x_wconf 87' lang='lat' dir='ltr'>huc,</span> <span class='ocrx_word' id='word_1_115' title='bbox 695 2503 775 2559; x_wconf 92' lang='lat' dir='ltr'>puer,</span> <span class='ocrx_word' id='word_1_116' title='bbox 791 2486 921 2561; x_wconf 88' lang='lat' dir='ltr'>scyphos,</span> 
     </span>
     <span class='ocr_line' id='line_1_28' title="bbox 502 2562 906 2636; baseline 0.005 -17"><span class='ocrx_word' id='word_1_117' title='bbox 502 2562 539 2620; x_wconf 90' lang='lat' dir='ltr'>Et</span> <span class='ocrx_word' id='word_1_118' title='bbox 554 2563 627 2620; x_wconf 86' lang='lat' dir='ltr'>Chia</span> <span class='ocrx_word' id='word_1_119' title='bbox 641 2564 715 2634; x_wconf 86' lang='lat' dir='ltr'>vina,</span> <span class='ocrx_word' id='word_1_120' title='bbox 730 2575 779 2621; x_wconf 92' lang='lat' dir='ltr'>aut</span> <span class='ocrx_word' id='word_1_121' title='bbox 792 2564 906 2636; x_wconf 89' lang='lat' dir='ltr'>Lesbia,</span> 
     </span>
     <span class='ocr_line' id='line_1_29' title="bbox 344 2641 953 2718; baseline 0.007 -20"><span class='ocrx_word' id='word_1_122' title='bbox 344 2641 409 2715; x_wconf 88' lang='lat' dir='ltr'>Vel,</span> <span class='ocrx_word' id='word_1_123' title='bbox 423 2643 497 2718; x_wconf 91' lang='lat' dir='ltr'>quod</span> <span class='ocrx_word' id='word_1_124' title='bbox 512 2641 646 2700; x_wconf 87' lang='lat' dir='ltr'>fluentem</span> <span class='ocrx_word' id='word_1_125' title='bbox 661 2662 796 2700; x_wconf 89' lang='lat' dir='ltr'>nauseam</span> <span class='ocrx_word' id='word_1_126' title='bbox 810 2649 953 2717; x_wconf 70' lang='lat' dir='ltr'>cocrceat,</span> 
     </span>
     <span class='ocr_line' id='line_1_30' title="bbox 502 2720 882 2780; baseline 0.011 -4"><span class='ocrx_word' id='word_1_127' title='bbox 502 2720 605 2778; x_wconf 88' lang='lat' dir='ltr'>Metire</span> <span class='ocrx_word' id='word_1_128' title='bbox 620 2724 702 2780; x_wconf 89' lang='lat' dir='ltr'>nobis</span> <span class='ocrx_word' id='word_1_129' title='bbox 716 2723 882 2780; x_wconf 77' lang='lat' dir='ltr'>Caecubum.</span> 
     </span>
     <span class='ocr_line' id='line_1_31' title="bbox 344 2797 1047 2875; baseline 0.003 -19"><span class='ocrx_word' id='word_1_130' title='bbox 344 2797 450 2856; x_wconf 77' lang='lat' dir='ltr'>Curam</span> <span class='ocrx_word' id='word_1_131' title='bbox 464 2812 627 2874; x_wconf 87' lang='lat' dir='ltr'>metumque</span> <span class='ocrx_word' id='word_1_132' title='bbox 642 2802 764 2856; x_wconf 84' lang='lat' dir='ltr'>Caesaris</span> <span class='ocrx_word' id='word_1_133' title='bbox 778 2819 872 2857; x_wconf 90' lang='lat' dir='ltr'>rerum</span> <span class='ocrx_word' id='word_1_134' title='bbox 884 2801 963 2875; x_wconf 83' lang='lat' dir='ltr'>juvat</span> <span class='ocrx_word' id='word_1_135' title='bbox 1043 2849 1047 2858; x_wconf 90' lang='lat'><em>.</em></span> 
     </span>
     <span class='ocr_line' id='line_1_32' title="bbox 504 2876 822 2952; baseline 0.013 -21"><span class='ocrx_word' id='word_1_136' title='bbox 504 2876 592 2932; x_wconf 88' lang='lat' dir='ltr'>Dulci</span> <span class='ocrx_word' id='word_1_137' title='bbox 606 2878 692 2952; x_wconf 81' lang='lat' dir='ltr'>Lyaeo</span> <span class='ocrx_word' id='word_1_138' title='bbox 707 2878 822 2936; x_wconf 88' lang='lat' dir='ltr'>solvere.</span> 
     </span>
    </p>
   </div>
   <div class='ocr_carea' id='block_1_3' title="bbox 532 3059 829 3076">
    <p class='ocr_par' dir='ltr' id='par_1_3' title="bbox 532 3059 829 3076">
     <span class='ocr_line' id='line_1_33' title="bbox 532 3059 829 3076; baseline 0.007 -2"><span class='ocrx_word' id='word_1_139' title='bbox 532 3059 829 3076; x_wconf 53' lang='grc' dir='ltr'>ῦ-ῌ--ι--α</span> 
     </span>
    </p>
   </div>
   <div class='ocr_carea' id='block_1_4' title="bbox 602 3188 763 3251">
    <p class='ocr_par' dir='ltr' id='par_1_4' title="bbox 602 3188 763 3251">
     <span class='ocr_line' id='line_1_34' title="bbox 602 3188 763 3251; baseline 0.025 -4"><span class='ocrx_word' id='word_1_140' title='bbox 602 3188 686 3247; x_wconf 86' lang='lat' dir='ltr'>ODE</span> <span class='ocrx_word' id='word_1_141' title='bbox 707 3189 763 3251; x_wconf 86' lang='lat' dir='ltr'>lx.</span> 
     </span>
    </p>
   </div>
   <div class='ocr_carea' id='block_1_5' title="bbox 512 3329 846 3370">
    <p class='ocr_par' dir='ltr' id='par_1_5' title="bbox 512 3329 846 3370">
     <span class='ocr_line' id='line_1_35' title="bbox 512 3329 846 3370; baseline 0 -2"><span class='ocrx_word' id='word_1_142' title='bbox 512 3329 545 3368; x_wconf 78' lang='grc' dir='ltr'>ΙΝ</span> <span class='ocrx_word' id='word_1_143' title='bbox 565 3329 693 3370; x_wconf 75' lang='lat' dir='ltr'>MAEVIUM</span> <span class='ocrx_word' id='word_1_144' title='bbox 715 3330 846 3370; x_wconf 77' lang='lat' dir='ltr'><strong>POETAM.</strong></span> 
     </span>
    </p>
   </div>
   <div class='ocr_carea' id='block_1_6' title="bbox 292 3422 976 3978">
    <p class='ocr_par' dir='ltr' id='par_1_6' title="bbox 344 3422 906 3567">
     <span class='ocr_line' id='line_1_36' title="bbox 344 3422 797 3503; baseline 0 -15"><span class='ocrx_word' id='word_1_145' title='bbox 344 3422 434 3489; x_wconf 66' lang='lat' dir='ltr'>Mani</span> <span class='ocrx_word' id='word_1_146' title='bbox 450 3429 542 3488; x_wconf 88' lang='lat' dir='ltr'>soluta</span> <span class='ocrx_word' id='word_1_147' title='bbox 555 3431 635 3487; x_wconf 85' lang='lat' dir='ltr'>navis</span> <span class='ocrx_word' id='word_1_148' title='bbox 649 3431 706 3488; x_wconf 83' lang='lat' dir='ltr'>exit</span> <span class='ocrx_word' id='word_1_149' title='bbox 721 3431 797 3503; x_wconf 79' lang='lat' dir='ltr'>alite,</span> 
     </span>
     <span class='ocr_line' id='line_1_37' title="bbox 500 3508 906 3567; baseline -0.007 -1"><span class='ocrx_word' id='word_1_150' title='bbox 500 3508 609 3566; x_wconf 87' lang='lat' dir='ltr'>Ferens</span> <span class='ocrx_word' id='word_1_151' title='bbox 622 3511 745 3567; x_wconf 90' lang='lat' dir='ltr'>olentem</span> <span class='ocrx_word' id='word_1_152' title='bbox 762 3509 906 3566; x_wconf 87' lang='lat' dir='ltr'>Maevium.</span> 
     </span>
    </p>

    <p class='ocr_par' dir='ltr' id='par_1_7' title="bbox 343 3587 934 3739">
     <span class='ocr_line' id='line_1_38' title="bbox 343 3587 921 3664; baseline -0.009 -18"><span class='ocrx_word' id='word_1_153' title='bbox 343 3587 382 3646; x_wconf 88' lang='lat' dir='ltr'>Ut</span> <span class='ocrx_word' id='word_1_154' title='bbox 395 3589 516 3646; x_wconf 87' lang='lat' dir='ltr'>horridis</span> <span class='ocrx_word' id='word_1_155' title='bbox 530 3600 679 3664; x_wconf 89' lang='lat' dir='ltr'>utrumque</span> <span class='ocrx_word' id='word_1_156' title='bbox 693 3590 824 3645; x_wconf 89' lang='lat' dir='ltr'>verberes</span> <span class='ocrx_word' id='word_1_157' title='bbox 839 3588 921 3658; x_wconf 84' lang='lat' dir='ltr'>lutus,</span> 
     </span>
     <span class='ocr_line' id='line_1_39' title="bbox 504 3664 934 3739; baseline -0.002 -15"><span class='ocrx_word' id='word_1_158' title='bbox 504 3669 619 3739; x_wconf 88' lang='lat' dir='ltr'>Auster,</span> <span class='ocrx_word' id='word_1_159' title='bbox 634 3679 778 3724; x_wconf 89' lang='lat' dir='ltr'>memento</span> <span class='ocrx_word' id='word_1_160' title='bbox 792 3664 934 3723; x_wconf 86' lang='lat' dir='ltr'>fluctibus.</span> 
     </span>
    </p>

    <p class='ocr_par' dir='ltr' id='par_1_8' title="bbox 292 3744 923 3898">
     <span class='ocr_line' id='line_1_40' title="bbox 292 3744 923 3821; baseline 0 -19"><span class='ocrx_word' id='word_1_161' title='bbox 292 3801 305 3812; x_wconf 67' lang='lat'>,</span> <span class='ocrx_word' id='word_1_162' title='bbox 344 3744 436 3821; x_wconf 89' lang='lat' dir='ltr'>Niger</span> <span class='ocrx_word' id='word_1_163' title='bbox 450 3747 585 3803; x_wconf 87' lang='lat' dir='ltr'>rudentes</span> <span class='ocrx_word' id='word_1_164' title='bbox 598 3747 704 3816; x_wconf 88' lang='lat' dir='ltr'>Eurus,</span> <span class='ocrx_word' id='word_1_165' title='bbox 718 3747 829 3803; x_wconf 85' lang='lat' dir='ltr'>inverso</span> <span class='ocrx_word' id='word_1_166' title='bbox 844 3745 923 3817; x_wconf 88' lang='lat' dir='ltr'>mari,</span> 
     </span>
     <span class='ocr_line' id='line_1_41' title="bbox 500 3823 912 3898; baseline 0.007 -19"><span class='ocrx_word' id='word_1_167' title='bbox 500 3823 673 3898; x_wconf 86' lang='lat' dir='ltr'>Fractosque</span> <span class='ocrx_word' id='word_1_168' title='bbox 689 3843 780 3881; x_wconf 88' lang='lat' dir='ltr'>remos</span> <span class='ocrx_word' id='word_1_169' title='bbox 795 3825 912 3882; x_wconf 88' lang='lat' dir='ltr'>differat.</span> 
     </span>
    </p>

    <p class='ocr_par' dir='ltr' id='par_1_9' title="bbox 343 3900 976 3978">
     <span class='ocr_line' id='line_1_42' title="bbox 343 3900 976 3978; baseline 0.005 -19"><span class='ocrx_word' id='word_1_170' title='bbox 343 3900 476 3978; x_wconf 84' lang='lat' dir='ltr'>Insurgat</span> <span class='ocrx_word' id='word_1_171' title='bbox 490 3901 605 3975; x_wconf 81' lang='lat' dir='ltr'>Aquilo.</span> <span class='ocrx_word' id='word_1_172' title='bbox 619 3915 741 3967; x_wconf 85' lang='lat' dir='ltr'>uunutus</span> <span class='ocrx_word' id='word_1_173' title='bbox 755 3903 819 3960; x_wconf 88' lang='lat' dir='ltr'>altis</span> <span class='ocrx_word' id='word_1_174' title='bbox 833 3905 976 3963; x_wconf 88' lang='lat' dir='ltr'>montibus</span> 
     </span>
    </p>
   </div>
   <div class='ocr_carea' id='block_1_7' title="bbox 0 0 1359 4362">
    <p class='ocr_par' dir='ltr' id='par_1_10' title="bbox 0 0 1359 4362">
     <span class='ocr_line' id='line_1_43' title="bbox 0 0 1359 4362; baseline 0 0"><span class='ocrx_word' id='word_1_175' title='bbox 0 0 1359 4362; x_wconf 95' lang='lat' dir='ltr'> </span> 
     </span>
    </p>
   </div>
  </div>
 </body>
</html>
