2706 4362
486 273 517 330 Q.
534 272 680 322 HORA'l'Il
696 273 821 324 sunem

240 413 304 472 Nos
316 426 413 473 manet
426 416 562 474 Oceanus
576 416 685 474 circum
699 435 789 492 vagus
803 435 887 474 arva:
908 416 992 478 beata

281 494 414 552 Petamus
428 513 502 566 arva,
517 494 617 552 divites
631 505 660 552 et
674 494 791 566 insulas,

241 571 351 630 Reddit
364 575 413 631 ubi
428 574 562 632 Cererem
577 573 660 631 tellus
674 573 783 631 inarata
796 575 957 648 quotannis,
995 627 999 636 .

281 651 318 708 Et
331 653 467 728 imputata
480 651 560 709 lloret
573 670 662 726 usque
676 653 768 722 vinea,

240 731 388 788 Germinat
401 743 430 789 et
443 751 587 807 nunquam
604 730 726 788 fallentis
740 741 844 787 termes
857 731 947 805 olive,

280 810 423 885 Suamque
438 811 515 886 pulla
528 810 600 868 ficus
612 819 693 866 ornat
707 809 846 880 arborem,

240 885 329 944 Mella
341 891 411 946 cavd
426 902 543 946 manant
556 909 592 946 ex
607 889 683 958 ilice,
697 888 841 946 montibus
855 888 918 946 altis

279 966 364 1023 Levia
378 980 511 1044 crepante
525 969 639 1044 lympha
653 966 746 1024 desilit
758 969 840 1042 pede.

239 1042 303 1100 Illic
318 1045 431 1121 injussae
446 1047 563 1104 veniunt
576 1047 612 1103 ad
627 1045 747 1102 mulctra
761 1045 886 1122 capellae,

279 1123 435 1199 Refertque
450 1137 529 1182 tenta
542 1145 611 1200 grex
625 1125 733 1181 amicus
747 1125 850 1194 ubera;

239 1201 304 1258 Nec
319 1205 494 1279 vespertinus
508 1203 705 1278 circumgemit
720 1222 801 1260 ursus
815 1204 898 1276 ovile,

277 1279 343 1337 Nee
358 1283 524 1339 intumescit
537 1283 593 1340 alte
607 1282 708 1356 viperis
723 1283 826 1338 humus
835 1302 843 1352 ς

238 1357 328 1415 Nulla
341 1372 445 1418 nocent
459 1361 554 1435 pecori
568 1361 709 1434 contagia,
724 1361 830 1418 nullius
845 1361 912 1418 astri

277 1435 404 1514 Gregern
420 1451 540 1496 aestnosa
553 1450 639 1496 torret
652 1439 825 1514 impotentia.

237 1519 378 1593 Pluraque
393 1517 489 1574 felices
504 1518 685 1586 mirabimur;
707 1529 738 1574 nt
752 1537 844 1594 neque
855 1519 941 1595 largis

277 1599 409 1674 Aquosus
425 1595 517 1653 Eurus
532 1616 597 1653 arva
610 1597 691 1653 radat
705 1597 851 1669 imbribus,

194 1729 200 1745 ,
236 1676 359 1752 Pinguia
372 1694 427 1732 nec
441 1676 525 1732 siccis
539 1687 656 1732 urantur
671 1676 779 1732 semina
793 1676 893 1752 glebis,

278 1756 433 1830 Utrumque
448 1773 515 1830 rege
529 1765 705 1830 temperante
720 1755 854 1812 caelitum.

236 1835 304 1892 Non
320 1837 377 1891 huc
392 1835 488 1910 Argoo
502 1835 649 1891 contendit
663 1835 769 1910 remige
783 1835 878 1911 pinus,

276 1914 378 1989 Neque
390 1914 533 1988 impudica
548 1913 664 1970 Colchis
678 1913 772 1970 intult
784 1914 904 1988 pedem;

237 1991 306 2049 Non
323 1994 378 2048 huc
393 1993 503 2048 Sidonii
519 2003 660 2048 torserunt
674 2010 781 2048 cornua
795 2003 899 2064 nautae,

275 2071 428 2128 Laboriosa
443 2089 497 2126 nec
511 2071 612 2126 cohors
625 2067 753 2144 Ulyssei':

236 2147 346 2224 Jupiter
361 2149 408 2204 illa
422 2149 475 2222 piae
489 2147 608 2204 secrevit
622 2147 715 2204 littora
727 2148 816 2222 genti,

275 2226 313 2283 Ut
327 2226 484 2298 inquinavit
498 2243 553 2280 aere
566 2235 677 2298 tempus
692 2243 826 2294 aureum3

235 2305 315 2375 AEre,
330 2304 435 2361 dehinc
451 2303 523 2359 ferro
537 2303 646 2359 duravit
660 2303 774 2374 saecula,
788 2322 908 2377 quorum

274 2383 334 2440 Piis
347 2383 484 2454 secunda,
499 2393 562 2438 vate
576 2401 632 2454 me,
647 2383 729 2439 datur
744 2382 818 2458 suga.

561 2736 645 2794 ODE
666 2736 739 2794 XII.

543 2875 583 2912 AD
598 2875 757 2914 cumulant.

578 3005 722 3037 uenturus.

314 3087 332 3144 J
334 3108 377 3146 nn
389 3089 448 3166 jam
459 3089 568 3147 efficaci
583 3091 619 3146 do
633 3109 735 3147 manus
750 3089 893 3159 scientiae3

315 3169 441 3244 Supplex
455 3180 483 3225 et
495 3189 545 3226 oro
559 3189 647 3246 regna
660 3189 710 3246 per
724 3169 911 3245 Proserpinae,

313 3247 368 3304 Per
378 3259 407 3303 et
422 3246 523 3303 Dianae
538 3269 595 3305 non
610 3249 749 3306 movenda
770 3249 897 3319 numina,

312 3324 367 3382 Per
383 3337 466 3400 atque
481 3326 566 3383 libros
581 3328 739 3383 carminum
756 3327 909 3384 valentium

312 3403 417 3460 Refixa
430 3405 502 3460 coelo
517 3406 653 3480 devocare
668 3407 769 3476 sidera,

313 3481 446 3554 Canidia,
461 3503 545 3558 parce
560 3485 676 3540 vocibus
690 3485 805 3540 tandem
820 3484 918 3555 saeris,

314 3559 465 3635 Cituvnque
480 3559 655 3632 retro'solve‚
670 3563 755 3632 solve,
771 3564 922 3620 turbinem.

314 3635 404 3694 Movit
418 3645 549 3714 ne'potem
565 3641 711 3716 Telephus
726 3640 876 3710 Nereiuni,

314 3713 349 3771 In
363 3735 445 3790 quern
460 3721 598 3792 superbus
612 3721 756 3776 ordinarat
770 3719 884 3792 agmina

314 3789 471 3866 Mysorum,
486 3807 514 3852 et
529 3799 557 3852 in
572 3817 656 3872 quern
671 3799 726 3854 tela
741 3809 824 3853 acuta
837 3808 965 3856 torserat.
