2706 4362
166 294 222 352 134
483 267 517 344 b.
535 287 681 336 noman
698 285 823 336 raxccr

203 431 329 492 [luctum
341 432 404 490 oleo
417 431 496 507 largo
509 430 594 488 nudis
608 429 733 488 humeris
745 429 810 488 tulit
824 430 931 500 hores3
1117 432 1157 489 75

203 513 321 570 Scilicet
333 511 407 568 elabi
421 511 445 567 si
459 521 554 586 posset
566 519 687 581 mortua,
700 510 796 581 credo,

201 587 292 650 Quod
306 587 427 647 nimiirm
442 588 582 646 institerat
595 588 708 645 viventi.
749 588 860 645 Cautus
873 588 967 646 adito.

202 669 270 727 Neu
284 669 360 726 desis
372 687 475 743 operae,
487 687 557 725 nere
572 668 774 728 immoderatus
788 667 924 724 abundes.

202 745 356 806 Difficilem
370 759 399 804 et
409 766 551 804 morosum
565 746 691 804 offendet
704 746 852 822 garrulus:
873 743 948 804 ultra

202 827 271 885 Non
285 827 370 884 etiam
385 826 476 883 sileas.
518 824 615 883 Davus
628 825 667 882 sis
680 825 818 896 comicus,
833 836 917 900 atque
1115 825 1156 883 80

203 907 268 963 Stes
282 907 376 982 capite
389 905 509 980 obstipo,
524 900 644 962 multdm
660 904 759 961 similis
773 902 921 962 metuenti.

202 985 349 1060 Obsequio
361 1003 506 1060 grassare:
528 1002 622 1054 mone,
636 983 660 1040 si
675 983 816 1040 increbuit
829 1002 908 1054 aura,

203 1065 313 1121 Cautus
327 1061 368 1121 uti
384 1064 456 1121 velet
470 1081 569 1122 carum
582 1073 684 1137 caput:
705 1062 821 1118 extrahe
835 1062 928 1133 turba,

202 1142 347 1219 Oppositis
361 1142 505 1202 humeris:
526 1160 625 1199 aurem
639 1141 800 1216 substringe
814 1141 934 1218 loquaci.

203 1221 387 1297 Importunas
401 1232 476 1278 amat
489 1220 619 1277 laudaril
640 1221 741 1290 donec,
754 1226 771 1250 ‘⁴
784 1219 868 1277 Ohe!
888 1221 946 1296 jam
956 1220 982 1277 !''
1111 1219 1151 1278 85

203 1302 251 1358 Ad
266 1300 369 1357 coeium
385 1299 515 1356 manibus
529 1298 656 1369 sublatiS,
671 1299 784 1370 dixerit,
799 1318 887 1374 urge;
908 1311 937 1357 et

203 1380 388 1437 Crescentem
403 1377 519 1435 tumidis
533 1375 601 1434 infla
614 1378 792 1434 sermonibus
807 1389 906 1436 utrem.

204 1458 306 1518 Quum
319 1469 348 1514 te
362 1457 474 1514 servitio
486 1456 573 1531 longo
586 1455 712 1530 curiaque
726 1457 844 1526 levirit;

203 1536 241 1594 Et
254 1534 365 1596 certum
379 1536 507 1611 vigilans,
519 1540 536 1565 ‘⁸
550 1535 670 1597 Quarta
684 1548 745 1594 esto
758 1536 846 1611 partis
859 1535 1003 1610 Ulysses,''

204 1617 350 1688 Audieris,
360 1620 377 1645 ‘⁴
393 1616 483 1673 haeres
492 1616 526 1672 ”z
549 1614 654 1690 “Ergo
667 1633 746 1672 nunc
760 1613 853 1673 Dama
866 1615 970 1674 sodalis
1113 1615 1154 1672 90

203 1693 352 1770 Nusquam
366 1695 421 1750 est!
445 1695 520 1750 unde
534 1693 605 1752 mihi
618 1705 676 1752 tam
692 1694 791 1752 fortem
805 1704 919 1770 tamque
933 1694 1044 1755 fidelem
1056 1694 1085 1750 :³¹

205 1774 312 1848 Sparge
326 1773 462 1833 subinde:
484 1784 522 1844 et,
536 1773 560 1830 si
570 1771 687 1848 paulirm
700 1785 789 1849 potes,
804 1774 988 1848 illacrymare.
1030 1773 1082 1831 Est

203 1853 317 1910 Gaudia
331 1854 496 1928 prodentem
511 1851 618 1908 vultum
633 1853 735 1911 celare.
777 1853 955 1928 Sepulcrum,

205 1932 381 1988 Permissum
396 1932 520 2000 arbitrio,
535 1932 596 1988 sine
610 1932 740 1988 sordibus
753 1943 883 1989 exstrue:
905 1931 990 1988 funus

204 2008 328 2086 Egregia
344 2011 448 2067 sactum
463 2010 560 2067 laudet
574 2010 686 2066 vicinia.
729 2010 837 2086 Siquis
1111 2011 1153 2070 95

205 2086 291 2145 Forte
306 2089 487 2146 coheredum
502 2088 595 2146 senior
610 2087 684 2146 male
699 2090 808 2160 tussiet,
823 2090 891 2148 huic
904 2099 936 2148 tu

203 2165 270 2236 Dic,
285 2184 321 2223 ex
331 2178 410 2243 parte
424 2167 483 2238 tui,
499 2185 549 2222 seu
565 2166 644 2224 fundi
659 2169 717 2224 sive
731 2168 832 2225 domirs
846 2169 883 2226 sit

204 2243 331 2319 Emptor,
345 2245 517 2319 gaudentem
533 2263 649 2302 nummo
660 2257 687 2303 te
702 2247 842 2303 addicere.
885 2247 944 2304 Sed
957 2265 1004 2304 me

204 2320 359 2398 Imperiosa
373 2323 458 2380 trahit
468 2322 655 2400 Proserpina:
676 2324 748 2397 vive,
762 2325 887 2401 valeque.

547 2675 705 2736 SATIRA
719 2678 772 2738 VI.

204 2795 271 2853 Hoc
285 2805 345 2852 erat
359 2795 388 2853 in
402 2796 489 2854 votis:
510 2796 612 2853 modus
625 2797 685 2872 agri
699 2816 756 2855 non
772 2797 811 2855 ita
825 2817 955 2875 magnus,

204 2875 314 2933 Hortus
328 2875 386 2946 ubi,
401 2888 429 2933 et
442 2886 518 2933 tecto
532 2875 643 2932 ricinus
653 2876 730 2952 jugis
744 2896 824 2952 aquas
838 2878 910 2951 sons,

204 2953 242 3012 Et
256 2955 369 3031 paulum
384 2955 459 3012 silvae
475 2974 558 3030 super
573 2955 617 3012 his
631 2956 709 3014 foret.
751 2955 876 3016 Auctibs
886 2969 970 3034 atque

202 3033 241 3091 Di
256 3032 358 3092 melitis
372 3033 487 3091 secere:
510 3035 582 3092 bene
596 3045 647 3094 est.
688 3034 769 3094 Nihil
781 3037 901 3113 amplius
913 3057 973 3111 oro,

203 3111 282 3170 Maiis
297 3124 372 3184 nate,
387 3113 441 3171 nisi
454 3125 484 3171 ut
497 3114 608 3190 propria
622 3115 684 3172 haec
698 3116 768 3173 mihi
781 3136 900 3174 munera
915 3117 993 3174 faxis.
1132 3120 1153 3176 5

203 3192 235 3248 Si
249 3212 341 3266 neque
356 3192 490 3268 majorem
505 3193 560 3250 feci
574 3194 683 3252 ratione
696 3196 771 3252 malti
785 3214 855 3268 rem,

202 3268 266 3328 Nec
281 3290 343 3327 sum
358 3270 483 3329 facturus
497 3273 564 3330 vitio
578 3273 698 3348 culpave
712 3275 851 3332 minorem
859 3294 867 3343 ;

203 3348 234 3404 Si
249 3368 365 3407 veneror
380 3351 481 3408 stultus
495 3351 565 3408 nihil
580 3352 689 3423 horum,
702 3357 719 3382 “
729 3351 757 3408 Ο
771 3353 795 3412 si
809 3352 931 3428 angulus
945 3353 992 3412 ille

203 3425 352 3484 Proximus
366 3431 493 3500 accedat,
507 3429 555 3503 qui
569 3447 647 3488 nunc
661 3431 810 3489 denormat
823 3432 961 3508 agelluml

202 3501 229 3557 Ο
244 3504 268 3560 si
282 3525 380 3562 urnam
396 3510 504 3583 argenti
520 3508 575 3566 fors
586 3527 648 3582 quae
663 3509 732 3568 mihi
746 3513 899 3574 monstret!
921 3524 953 3571 ut
966 3511 1016 3585 illi,
1114 3513 1151 3570 10

203 3579 352 3640 Thesauro
367 3585 490 3658 invento,
504 3588 550 3661 qui
566 3589 758 3648 mercenarius
772 3609 872 3665 agrum

203 3658 286 3714 Illum
302 3661 393 3734 ipsum
408 3677 550 3723 mercatus
564 3667 660 3738 aravit,
675 3667 753 3724 dives
766 3669 859 3728 amico

203 3737 329 3794 Hercule
339 3741 364 3806 ;''
387 3742 410 3797 si
424 3745 499 3815 quod
513 3745 593 3801 adest
607 3756 718 3819 gratum
730 3746 824 3821 juvat:
846 3748 901 3805 hac
914 3768 1000 3824 prece
1013 3759 1042 3808 ta
1055 3768 1116 3820 oro,

202 3815 312 3890 Pingue
326 3836 414 3890 pecus
428 3820 542 3878 domino
557 3822 653 3895 facias,
668 3835 697 3880 et
711 3836 823 3897 catera,
836 3839 937 3902 praeter
